3982 5144
889 1227 948 1339 hc
984 1259 1129 1340 rorum

336 1490 643 1628 scriptoribus,
683 1488 840 1629 quihus
876 1488 1135 1600 Plutarchus
1172 1492 1218 1600 in
1254 1483 1566 1607 themistoclis¹
1593 1488 1692 1604 ¹uita
1802 1660 1806 1666 Δ

670 1742 673 1746 ·
728 1678 1040 1853 perscribenda
1071 1744 1179 1824 usus
1216 1722 1299 1850 est,

939 1943 1081 2002 disseruit

840 2113 894 2198 0.
919 2111 1189 2198 senouder.

184 2312 311 2404 (laum
345 2323 388 2390 ad
427 2344 478 2390 me
507 2325 680 2409 provincia
708 2331 804 2390 esset
835 2322 961 2411 delata,
992 2330 1025 2389 ut
1053 2326 1228 2390 annalibus
1249 2323 1483 2414 ‘scholasticis,
1512 2327 1630 2411 quihus
1659 2328 1827 2395 solemnes

183 2412 351 2502 gymnasii
376 2413 485 2476 nostri
509 2411 620 2477 solent
643 2410 742 2475 indici
766 2411 994 2498 lustrationes,
1024 2411 1243 2497 praelationis
1266 2412 1339 2475 loce
1362 2414 1664 2480 commentationem
1688 2415 1829 2500 aliquam

182 2500 416 2588 adiungerem:
447 2517 468 2560 a
499 2497 677 2562 Plutarcho
707 2493 956 2584 Chaeronensi,
999 2517 1092 2583 quem
1122 2500 1186 2564 iam
1209 2500 1251 2563 ab
1280 2500 1414 2564 ineunte
1443 2506 1554 2567 aetate
1582 2501 1701 2568 lectum
1735 2502 1826 2570 rele-
1895 2523 1901 2536 ‘

184 2593 337 2668 utumque
352 2584 554 2670 ademarum,
571 2582 739 2650 scribendi
757 2592 987 2672 argumentum
1003 2585 1166 2670 quoddam
1180 2591 1336 2668 repetere
1350 2586 1383 2650 iu
1402 2586 1541 2652 animum
1565 2587 1689 2653 induxi.
1709 2591 1827 2672 Neque

183 2673 285 2760 pudet
308 2690 362 2737 me
384 2671 483 2736 lateri
508 2673 562 2756 qui
584 2669 705 2736 laetum
730 2671 790 2753 sit,
808 2677 844 2735 ut
866 2670 1041 2738 lectionem
1059 2672 1229 2738 Plutarchi
1253 2693 1314 2757 per
1335 2673 1460 2757 aliquot
1482 2692 1589 2739 annos
1605 2675 1828 2740 intermissam

186 2760 372 2827 recolerem
396 2758 495 2825 etad
520 2760 592 2825 eius
616 2778 669 2825 me
692 2758 945 2824 familiaritatem
970 2761 1181 2844 applicarem.
1205 2757 1365 2839 Quoniam
1389 2760 1474 2826 enim
1498 2762 1653 2826 memoria
1675 2764 1828 2828 tenebam

185 2847 298 2933 quanti
322 2848 574 2930 perciperentur
596 2845 725 2912 fructos
749 2864 845 2930 quum
861 2866 903 2912 ex
917 2849 1066 2912 omnihus
1082 2849 1154 2913 eius
1179 2849 1316 2932 scriptis
1339 2853 1405 2912 tum
1430 2868 1472 2915 ex
1496 2848 1574 2912 vitis
1598 2867 1681 2930 quas
1705 2855 1828 2914 vocant

184 2933 368 3020 parallelis,
394 2940 548 3016 qnantum
573 2934 663 3000 vitae
687 2934 764 3000 illae
788 2933 980 3000 conterrent
1004 2953 1067 2998 non
1089 2935 1194 3000 solum
1217 2934 1261 2999 ad
1284 2933 1455 3001 doctrinae
1479 2935 1605 3020 copiam
1628 2935 1827 3024 aagendam,

184 3020 247 3087 sed
276 3018 320 3084 ad
351 3021 449 3084 animi
478 3023 576 3086 etiam
604 3023 805 3106 aequitatem
829 3040 870 3086 ae
896 3021 1125 3086 liberalitatem
1149 3020 1366 3088 excolendam
1406 3021 1747 3108 confirmandamque,
1784 3022 1855 3087 arl’

185 3105 373 3193 regendum
397 3109 579 3194 eonsilium,
603 3108 647 3173 ad
670 3108 902 3174 humanitatem
926 3107 1068 3193 deniqne
1085 3109 1363 3194 amplectendam:
1387 3109 1521 3197 coniugi
1544 3108 1588 3173 ad
1608 3107 1828 3176 Chaeronen-

186 3214 257 3261 sem
282 3213 397 3281 meum,
421 3198 690 3280 quotiescumque
713 3197 811 3261 otium
836 3197 1050 3280 suppetebat,
1080 3215 1141 3281 per
1165 3198 1228 3261 hou
1252 3194 1338 3281 quod
1368 3197 1550 3282 proximum
1580 3202 1635 3261 est
1663 3197 1826 3262 biennium

187 3282 341 3346 civilibus
364 3282 517 3348 fluctibus
540 3285 823 3371 gravissimisque
847 3302 956 3349 rerum
980 3284 1182 3368 publicarum
1213 3283 1318 3349 turbis
1342 3284 1495 3370 insigne,
1524 3290 1560 3348 ut
1592 3284 1625 3346 in
1655 3282 1732 3348 vitis
1761 3284 1826 3348 illis

184 3371 329 3434 virorum
359 3370 533 3435 illustrium
561 3370 716 3459 legendis
753 3377 787 3437 et
822 3369 1083 3437 considerandis>
1108 3371 1163 3437 vel
1193 3371 1292 3436 anirni
1317 3368 1561 3455 aegritudinem
1591 3388 1632 3436 ac
1661 3371 1827 3434 tristitiam
1929 3381 1932 3384 ’

184 3456 395 3541 consolarer,
419 3460 475 3524 vel
497 3459 643 3524 laetitiae
667 3477 760 3526 meae
784 3477 826 3523 ex
850 3458 987 3524 meliore
1018 3460 1128 3542 aliqua
1158 3478 1268 3524 rerum
1298 3456 1489 3523 conditione
1522 3464 1701 3542 perceptae
1731 3456 1827 3540 quasi

184 3541 424 3610 firmamentum
448 3544 610 3630 quoddam
634 3552 668 3612 et
691 3544 891 3630 praesidium
911 3545 1137 3633 anquirerem,
1161 3546 1218 3611 vel
1240 3562 1387 3610 normam
1411 3543 1564 3627 viamque
1584 3544 1827 3632 investigarem

184 3631 312 3697 adres
337 3638 539 3716 praesentes
564 3639 656 3700 recte
679 3631 905 3701 aestimandas
929 3650 969 3697 ac
988 3633 1233 3717 ponderandas.
1265 3632 1317 3696 Ac
1341 3629 1489 3714 protecto
1513 3632 1704 3716 quicumque
1727 3628 1826 3694 animi

186 3718 326 3802 quadam
352 3718 581 3784 sollicidudine
604 3720 721 3787 ductus
746 3718 788 3785 ad
812 3721 900 3784 illum
924 3721 1120 3804 scriptorem
1143 3718 1345 3804 accesserit,
1375 3718 1406 3781 is
1436 3735 1501 3781 nun
1531 3719 1596 3783 nisi
1624 3736 1694 3782 cum
1718 3714 1825 3780 animo

187 3806 305 3871 sedato
332 3826 372 3873 ao
395 3806 571 3890 tranquillo
595 3808 705 3874 abibit.
753 3807 949 3873 Adiciantur
972 3813 1079 3874 autem
1102 3808 1273 3890 voluptate
1302 3803 1443 3888 quadarn
1473 3823 1618 3872 necesse
1641 3807 1695 3867 est
1719 3798 1827 3866 vehe-

187 3899 380 3980 menterque
411 3893 619 3960 delectentur
648 3915 783 3982 omnes,
813 3894 867 3978 qui
897 3893 1111 3961 considerant
1142 3912 1212 3959 cum
1241 3892 1312 3957 suis
1343 3892 1481 3978 animis,
1510 3895 1631 3977 qrranta
1661 3887 1824 3974 cautione,

187 3987 310 4063 quanta
333 3982 648 4067 circumspectione,
672 3990 795 4067 quanta
817 3981 954 4060 lenitate
977 4002 1059 4047 usus
1083 3981 1128 4046 sit
1150 3979 1349 4045 Plutarchus
1372 3979 1406 4043 in
1431 3971 1661 4046 descrihendis
1684 3974 1826 4042 metien-

187 4065 306 4150 disque
339 4068 500 4136 hominum
532 4070 706 4134 illustrium
733 4071 879 4136 moribus
909 4074 943 4134 et
973 4068 1138 4154 consiliis,
1167 4086 1261 4150 quam
1286 4068 1419 4155 integre
1448 4072 1546 4146 atque
1569 4061 1759 4147 incorrupte
1783 4057 1825 4125 de

186 4153 426 4243 generibus'et
455 4158 498 4224 de
526 4157 709 4222 rationibus
739 4158 907 4222 civitatum
936 4155 1135 4221 disseruerit
1157 4173 1197 4220 ac
1220 4153 1426 4218 indicaverit
1473 4146 1594 4228 Quanti
1617 4142 1826 4214 aestimanda

187 4241 320 4308 sitista
350 4244 383 4308 in
409 4243 584 4311 iudicando
612 4243 776 4310 modestia
805 4243 861 4310 vel
885 4263 904 4308 o
928 4245 1004 4308 time
1028 4243 1226 4328 perspicitur
1248 4246 1365 4304 nostra
1388 4236 1553 4323 memoria,
1577 4253 1641 4320 qua
1663 4235 1826 4300 homiuum

57 4394 61 4409 ,
186 4329 283 4396 turba
304 4333 445 4415 partium
467 4333 587 4399 studiis
611 4337 807 4418 occaecata,
836 4337 870 4396 et
916 4330 1060 4397 erebus
1082 4327 1298 4416 gravissimis
1323 4323 1421 4393 etde
1445 4322 1644 4403 hominihus,
1668 4326 1824 4407 quotquot

187 4416 321 4483 excelso
346 4427 425 4494 sunt
448 4422 482 4484 et
503 4420 623 4486 illustri
644 4419 729 4505 loco,
751 4436 977 4503 praepropere
1001 4424 1034 4482 et
1057 4418 1259 4504 arroganter
1280 4413 1427 4479 iudicare
1450 4410 1614 4476 assuevit.

342 4516 453 4608 Quum
478 4525 559 4571 vero
582 4507 683 4571 multa
706 4505 851 4573 habeant
873 4502 1041 4570 Plutarchi
1064 4504 1200 4587 scripta,
1225 4502 1341 4586 quihus
1365 4499 1547 4584 legentium
1563 4495 1660 4562 animi
1672 4494 1824 4559 allician-

184 4596 235 4654 tur
254 4609 292 4658 ac
315 4601 512 4688 teneantur,
537 4599 602 4658 tum
626 4593 808 4680 permultas
833 4592 867 4656 in
890 4590 945 4656 illo
970 4591 1133 4675 scriptore
1156 4607 1237 4655 esse
1259 4589 1413 4674 virtutae,
1437 4585 1554 4736 quibnls
1578 4579 1821 4648 commendetur
