3982 5144
172 520 406 591 Themistoclis
429 515 580 602 pertibus
601 511 795 583 ordinandis
819 519 886 579 tum
909 514 941 581 in
964 511 1197 580 descrihendis
1222 517 1295 581 eius
1318 515 1492 600 fusiusque
1508 517 1814 588 narrandis-moris

172 613 237 679 hus
258 614 294 676 et
316 606 424 673 luctis.
469 603 612 671 Praeter
634 600 696 667 hos
714 599 898 669 ‘Plutarcho
922 598 1091 667 Atthidum
1114 601 1299 687 scriptores
1328 608 1363 670 et
1389 602 1572 671 Diodorum
1599 604 1814 695 Periegsrnm

173 697 272 767 mulli)
300 693 412 761 maiori
443 708 539 776 uuam
569 690 644 776 ipse
674 687 850 775 professus
879 689 923 754 sit
951 687 1058 755 luisse
1093 688 1184 774 usui,
1213 690 1346 774 opiniue
1376 691 1453 757 licet
1491 693 1678 779 augurari·
1717 691 1814 776 Quod

173 784 314 867 denique
342 783 459 847 attinet
493 789 559 845 tum
588 776 631 844 sd
663 777 809 861 reliques
839 794 948 842 rerum
978 774 1162 861 scriptores
1197 783 1263 843 tum
1291 777 1335 843 ad
1368 786 1486 865 peetus
1524 784 1558 847 ct
1587 779 1813 868 philosophus,

174 890 258 957 quus
282 865 549 935 commemoravit
570 863 780 952 Plutarchus,
804 863 846 952 iis
868 864 1020 930 ita‘usus
1051 868 1105 930 est
1135 863 1168 931 in
1200 865 1270 931 vita
1296 863 1531 935 Themistoclis
1562 869 1813 958 perscribenda,

172 964 345 1033 uteorum
367 952 603 1029 libros‘odiret
625 951 682 1018 vol
704 949 747 1017 ad
772 971 830 1018 res
858 951 1017 1035 quasdem
1042 957 1281 1037 controversus
1300 953 1416 1019 melius
1446 954 1707 1038 perspiciendas
1729 956 1816 1025 diris

171 1043 393 1128 mendasquc,
424 1041 481 1108 vel
504 1050 538 1104 ot
561 1039 752 1109 decurreret
779 1058 822 1106 ex
845 1039 886 1104 iis
910 1038 1118 1105 diversarum
1151 1042 1289 1124 partium
1318 1042 1521 1135 sententies,
1555 1039 1814 1128 desumptusqus
1881 1046 1884 1053 '

102 1187 108 1200 ,
172 1130 257 1198 scite
280 1151 341 1217 per
363 1128 504 1196 lihellum
527 1147 621 1194 suum
645 1125 856 1212 disponeret,
884 1127 938 1192 vel
968 1124 1109 1209 denique
1140 1125 1249 1194 facete
1279 1126 1376 1192 dictis
1406 1132 1439 1194 et
1468 1127 1600 1194 fabellis
1628 1132 1812 1201 afferendis
1873 1200 1881 1211 N

173 1219 395 1285 narrationem
419 1215 567 1281 variaret
588 1221 623 1281 et
646 1215 741 1300 quusi
764 1212 937 1279 luminihus
961 1223 1151 1280 exornaret.
1195 1215 1269 1280 lluc
1297 1215 1400 1304 igitur
1430 1215 1526 1302 lorge
1557 1217 1717 1302 nomque
1750 1237 1816 1284 au.

171 1312 296 1372 ctorum
319 1304 413 1390 copie
436 1303 617 1368 instructus
631 1300 829 1368 Plutarchus
841 1299 1085 1374 Themistoclis,
1109 1301 1272 1368 viriillius
1296 1303 1383 1368 iuter
1405 1304 1564 1386 eeqoeles
1587 1305 1689 1389 leuge
1714 1307 1810 1389 prin-

116 1446 118 1451 ,
174 1393 269 1476 cipis,
304 1391 479 1478 imaginem
520 1390 708 1476 expressit,
750 1407 814 1474 que
858 1388 1037 1472 pleniorem
1073 1389 1248 1476 magisque
1284 1388 1478 1456 adornatam
1516 1388 1652 1457 nullam
1678 1393 1814 1478 protulit
1873 1393 1879 1398 ’

171 1483 239 1544 tuta
261 1479 449 1564 antiquitas.
1292 1521 1294 1525 Α
1808 1522 1812 1531 Ι
