3982 5144
993 167 1038 229 ab

205 386 437 473 disputationis
461 388 555 466 parte
578 378 642 443 loci
656 375 853 459 Plutarchei‚
878 374 996 458 quihus
1019 372 1137 439 citatur
1154 372 1387 457 Theopompus
1411 372 1620 438 examinandi
1644 391 1842 457 comparari·
1897 390 1900 395 ·

156 516 159 521 -
203 475 301 558 dique
325 472 491 553 videntur,
515 472 550 532 ut
571 463 740 533 commode
763 461 964 546 intelligatur
988 466 1141 543 quantum
1169 458 1244 525 tidei
1279 466 1314 524 et
1335 460 1541 525 auctoritatis
1559 459 1755 526 Plutarchus
1779 461 1842 525 tri·

171 578 178 585 ·
204 562 312 629 buerit
334 557 557 639 Theopompo.
602 550 656 616 Ad
679 548 765 635 quod
794 545 1033 615 diiudicandum
1064 564 1130 611 non
1161 549 1273 634 magni
1301 553 1389 611 sunt'
1406 547 1559 612 momenti
1588 555 1660 614 tres
1690 547 1734 611 illi
1766 547 1841 634 loci,

204 650 258 732 qui
281 649 314 713 in
338 647 406 710 vita
429 638 542 708 Tbemss
566 644 709 706 exstant
754 635 827 703 Sed
849 641 958 701 tamen
981 634 1022 698 iis
1046 634 1209 699 evincitur
1231 633 1304 719 hoc,
1328 631 1538 699 Plutarchum
1561 653 1628 699 non
1650 633 1736 700 adeo
1759 654 1843 700 con-

203 736 299 802 tisum
321 750 403 800 esse
425 728 648 813 Theopompo,
672 731 718 808 ut,
740 742 836 809 quum
860 723 997 788 diversa
1021 726 1139 787 essent
1162 721 1293 807 madito,
1317 720 1521 805 Theopompi
1544 727 1660 804 partes
1677 741 1842 806 sequere-

205 819 329 907 tur⁸⁸).
374 814 532 881 Eiusdem
557 814 629 884 iere
651 813 791 900 generis
814 819 891 876 sunt
913 809 975 875 loci
1005 810 1038 872 in
1062 808 1120 871 vit.
1151 808 1267 872 Timol.
1295 827 1323 873 c.
1352 811 1383 871 4.
1412 813 1445 871 et
1474 808 1506 870 in
1537 809 1595 872 vit.
1624 810 1706 894 Lys·
1734 829 1762 873 c.
1789 812 1853 893 1¹7,

205 911 259 976 uhi
283 926 367 994 qnae
390 904 621 986 Theopompus
644 897 778 963 tradidit
802 902 1008 982 opponuntur
1031 895 1089 979 lie,
1119 915 1203 978 quae
1232 895 1388 960 Timaeus
1418 900 1452 960 ct
1478 894 1635 979 Ephorus
1665 897 1841 961 memoriae

206 995 436 1082 prodiderant.
467 989 554 1054 nullo
592 985 710 1052 indicio
741 984 853 1049 addito
885 983 960 1066 quid
991 984 1064 1066 ipse
1093 984 1240 1048 senserit
1266 980 1476 1046 Plutarchus.
1524 981 1595 1047 Sed
1624 1002 1690 1047 non
1719 982 1841 1048 desunt

139 1141 141 1149 .
206 1084 289 1167 loci,
312 1081 367 1147 uhi
391 1060 496 1142 libere
519 1075 730 1159 Theopompo
753 1073 925 1138 oblocutus
948 1077 1011 1135 est.
1057 1068 1132 1134 Huc
1153 1068 1322 1136 referendi
1346 1075 1423 1134 sunt
1445 1069 1523 1155 loci,
1553 1070 1607 1152 qui
1630 1071 1784 1175 leguntur
1808 1071 1841 1134 in
1905 1132 1909 1137 .

207 1174 265 1236 vit.
289 1167 438 1233 Demost.
462 1181 491 1226 c.
518 1165 558 1228 13
590 1168 623 1226 et
650 1164 710 1245 at,
740 1161 792 1224 obi
821 1158 906 1224 haec
934 1156 1041 1246 addit:
1070 1148 1113 1225 ὥς
1140 1148 1308 1239 γράφεται
1336 1159 1391 1217 καὶ
1420 1153 1583 1240 τραγῳδεῖ
1616 1156 1841 1240 Θεοπομπος,

205 1249 720 1419 1111111.ζ18.“111ἷ.λ.”λ
738 1248 876 1417 ,litat
894 1241 1842 1416 ib.titiltttcbttttltritabl-”titt

206 1422 270 1514 γάρ
292 1423 392 1509 ἥδιον
415 1419 438 1506 ἢ
460 1429 627 1489 ἐπαινεῖν.

367 1513 461 1578 llaec
493 1512 595 1599 igitur
626 1516 696 1575 est·
708 1527 832 1574 summa
864 1507 958 1571 huius
992 1506 1262 1589 comparationis,
1299 1503 1509 1570 Plutarchum
1538 1505 1748 1591 Theopompo
1778 1526 1844 1573 non

207 1601 302 1668 modo
326 1619 392 1665 non
421 1599 551 1663 multum
579 1597 755 1679 tribuisse,
785 1594 968 1660 sedetiam
1012 1594 1117 1676 ipsam
1157 1594 1188 1658 ei
1216 1591 1436 1662 ,maledicendi
1474 1593 1683 1677 cupiditatem
1719 1595 1844 1659 crimini

210 1689 386 1755 vertisse!
410 1685 456 1749 Et
478 1684 626 1769 protecto
655 1688 796 1748 nonest
824 1680 912 1765 quod
936 1680 1080 1760 mireris,
1110 1679 1320 1745 Plutarchum
1343 1680 1389 1742 ita
1420 1680 1604 1764 iudicasse,
1636 1680 1666 1745 si
1695 1688 1845 1746 naturam

209 1783 307 1860 atque
337 1773 478 1839 indolem
507 1782 572 1836 turn
607 1769 808 1855 Theopompi
837 1777 901 1832 tum
931 1767 1099 1831 Plutarchi
1133 1766 1351 1850 perpenderis
1381 1773 1480 1850 atque
1512 1769 1716 1853 memineris,
1748 1787 1845 1853 quam

209 1863 273 1927 sihi
297 1857 603 1926 viamTPlutarchus
627 1861 660 1923 in
684 1856 762 1922 vitis
788 1856 931 1920 virorum
953 1856 1125 1922 illustrium
1148 1853 1334 1921 scribendis
1359 1847 1569 1940 elegerit⁸⁴).

743 2072 858 2163 (lap.
879 2077 978 2147 vn.
1002 2082 1077 2148 lle
1099 2080 1312 2164 Ephoro.

369 2203 530 2271 Confecta
553 2202 595 2269 de
624 2201 835 2286 Theopompo
865 2203 1058 2284 quaestione
1089 2204 1153 2269 iarn
1184 2202 1226 2268 de
1255 2203 1360 2267 altero
1390 2203 1551 2267 Isocratis
1583 2202 1761 2286 discipulo,
1792 2206 1848 2287 qui

213 2312 273 2380 per
296 2293 488 2378 magistrum
511 2290 555 2354 ab
576 2290 750 2355 ambitione
775 2296 809 2354 et
831 2287 903 2352 toro
927 2296 1108 2355 sevocatus
1131 2289 1174 2354 ad
1197 2289 1366 2354 historiam
1391 2288 1600 2356 scribendam
1629 2309 1668 2355 se
1696 2291 1849 2375 applica-

211 2381 276 2465 vit,
300 2377 343 2445 de
365 2373 559 2462 Ephoro⁸⁶)
582 2384 636 2443 est
659 2374 841 2442 dicendum.
887 2375 1043 2461 Ephorus
1071 2383 1170 2442 natus
1202 2385 1256 2444 est
1288 2374 1419 2455 Cumis,
1448 2376 1664 2442 celeberrima
1694 2377 1847 2444 Aeolidis

205 2463 362 2550 ,urhe⁸⁶)·
408 2463 480 2531 Sed
503 2483 565 2547 quo
589 2472 737 2547 tempore
760 2470 858 2528 natus
888 2465 933 2527 sit
961 2465 1133 2529 nonsatis
1162 2459 1361 2548 constat⁸⁷).
1408 2464 1532 2540 Verum
1555 2464 1640 2530 enim
1667 2483 1747 2529 vero
1771 2485 1846 2533 eum

211 2553 421 2639 Theopompo
444 2553 615 2633 aequalem
638 2550 745 2616 fnisse
771 2554 871 2633 atque
895 2570 959 2616 una
982 2551 1164 2617 Isocratem
1188 2550 1361 2617 audivisse
1384 2570 1499 2617 omnes
1530 2570 1594 2615 uno
1618 2570 1678 2618 ore
1701 2570 1849 2618 consen-

211 2642 303 2717 tiunt.
357 2636 421 2718 Qui
457 2638 617 2702 isocratis
647 2637 798 2722 discipuli
837 2639 882 2700 uti
914 2657 1014 2721 pares
1050 2645 1161 2703 aetate
1190 2641 1235 2702 ita
1263 2639 1397 2723 ingenio
1427 2637 1526 2705 valde
1556 2638 1713 2723 dispares
1741 2645 1845 2706 erant.

211 2726 335 2791 Tritum
358 2732 412 2805 est
435 2720 512 2789 illud
537 2720 785 2809 Ciceronis⁸⁸),
814 2724 1063 2790 lsocratemde
1083 2725 1243 2791 acerrimo
1267 2726 1402 2810 ingenio
1426 2725 1628 2810 Theopompi
1651 2734 1685 2792 et
1707 2726 1844 2792 lenissi-

180 2880 183 2886 ,
211 2831 263 2877 mo
286 2811 412 2896 Ephori
434 2811 578 2895 dixisse,
607 2812 703 2877 alteri
727 2831 766 2878 se
789 2811 932 2879 calcaria
955 2810 1131 2896 adhibere,
1155 2812 1251 2878 alteri
1274 2810 1400 2879 frenos.
1433 2811 1614 2896 ,Ephorum
1642 2814 1733 2879 initio
1757 2810 1845 2898 apud

211 2900 394 2966 Isocratem
417 2916 483 2963 non
506 2899 636 2963 multum
660 2899 847 2983 proiecisse
871 2895 1280 2984 testaturPlutorchus⁸⁹J
1304 2899 1357 2963 his
1375 2900 1504 2967 verbis:
1534 2899 1606 2965 Τοῦ
1629 2898 1666 2964 δὲ
1689 2896 1848 2984 Κυμαίου

211 2977 366 3068 Ἐφόρου
389 2975 568 3067 οἷπρολκτου
591 2984 654 3064 τῆς
682 2984 805 3070 σχολῆς
837 2979 1039 3058 ἐξελθόντος
1067 2985 1122 3050 καὶ
1152 2980 1259 3051 πολλιν
1287 2977 1359 3049 dud
1389 2986 1461 3065 ‘rori⁴
1484 2981 1616 3070 πατρός
1643 2984 1850 3072 Δημοφίλου

211 3071 442 3154 πεμφθέντος
465 3074 523 3134 ἐπὶ
546 3069 690 3154 δευτέρῳ,
711 3071 840 3154 μισθῷ,
865 3071 997 3149 παίζων
1017 3065 1305 3156 Δίφορονυυνόν
1326 3065 1447 3138 indiae.
1491 3066 1708 3140 ’Eonobduoc
1730 3074 1850 3159 μέντοι

228 3303 231 3307 ¹
370 3241 408 3305 ⁵³)
426 3246 481 3296 vtt.
499 3246 579 3292 Them
613 3259 636 3291 c.
667 3240 706 3295 19:
731 3227 913 3309 Theopompus
938 3248 1075 3299 Plutarcho
1097 3257 1166 3299 teste
1188 3221 1324 3300 memoriae
1346 3251 1502 3312 prodiderat,
1521 3250 1719 3299 Themistoclem
1737 3253 1848 3311 ephoros

214 3312 485 3380 Lacedaemoniorum,
503 3314 731 3382 neimpedimento
750 3319 840 3362 essent
856 3317 988 3363 moenibus
1007 3321 1169 3369 exstruendis
1187 3320 1296 3381 pecurria
1311 3321 1468 3380 corrupisse,
1485 3317 1604 3380 plerique
1614 3319 1769 3368 tradiderant
1778 3320 1849 3382 illum

214 3379 307 3428 fraude
330 3392 377 3427 eos
401 3383 544 3441 decepisse.
563 3379 593 3430 C.
611 3378 654 3431 ab:
670 3381 754 3442 Qum
772 3380 843 3442 post'
858 3385 947 3449 lugam
967 3384 1147 3437 Themiatoclis
1169 3391 1237 3437 hona
1260 3389 1293 3436 in'
1308 3389 1438 3448 publicum
1456 3388 1558 3435 addicta
1582 3393 1672 3436 essent
1694 3386 1849 3450 Theopom-

212 3461 263 3509 pus
288 3452 389 3496 centum
413 3449 521 3514 talenta,
544 3451 738 3510 Theophrastus
763 3453 895 3515 octoginta
917 3455 943 3500 in
967 3457 1090 3502 aerarium
1113 3459 1194 3507 relata
1212 3471 1272 3504 esse
1296 3457 1462 3516 scripserant.
1487 3455 1518 3508 C.
1537 3450 1584 3506 31:
1603 3459 1758 3506 Plutarchus
1782 3470 1848 3504 sen·
1928 3452 1932 3463 '

213 3518 319 3585 tentiam
338 3517 496 3576 Theopompi
514 3525 678 3584 aspernatur,
698 3521 741 3577 qui
764 3527 914 3569 narraverat
930 3524 1128 3572 Themistoclem
1150 3540 1202 3574 nou
1219 3525 1371 3589 Magnesiae
1393 3524 1508 3590 degisse,
1526 3528 1573 3574 aed
1592 3541 1638 3592 per
1655 3527 1744 3575 Asiam
1761 3540 1856 3590 vaga-¹

212 3589 266 3632 tum
284 3597 346 3632 esso
391 3582 428 3648 ⁸¹²)
448 3586 488 3632 Ex
505 3589 693 3635 recentioribus
711 3589 836 3636 Boeclrhii
867 3592 916 3639 viri
929 3591 1062 3640 clarissimi
1080 3595 1113 3642 de
1125 3598 1290 3655 Theopompo
1309 3591 1430 3640 iudicium
1449 3599 1505 3641 tam·
1516 3607 1636 3662 aequam,
1660 3608 1735 3654 quam
1753 3596 1849 3644 subtile

210 3653 285 3699 iuvat
303 3654 423 3702 attulisse
440 3653 662 3713 (Staatshaushalt
679 3657 704 3705 d.
722 3658 819 3708 Athen.
839 3623 862 3706 i.
883 3673 909 3720 p.
928 3653 1009 3725 316),
1027 3664 1069 3709 cul
1091 3664 1211 3712 assentiri
1234 3661 1351 3719 equidem
1375 3672 1426 3708 non
1452 3664 1553 3711 dubito:
1577 3666 1727 3723 Theopomp
1749 3665 1784 3711 lat
1808 3664 1855 3714 ala·

213 3721 390 3788 tadelsiichtig
407 3723 573 3786 verechrien,
591 3723 654 3773 weil
673 3726 768 3773 erden
785 3728 941 3776 verderhten
960 3728 1035 3778 Gcist
1051 3733 1122 3780 einer
1138 3731 1295 3781 verderhten
1312 3728 1374 3776 zeit
1388 3734 1454 3779 nach
1472 3733 1517 3780 der
1536 3731 1673 3778 thrhcit
1695 3734 1847 3782 schlldertar

213 3790 281 3837 deun
289 3792 332 3839 die
344 3792 457 3841 Meisten
468 3792 527 3840 sind
538 3788 658 3856 genbigt,
670 3794 745 3842 Alles
757 3807 811 3843 von
821 3796 867 3845 der
877 3799 1017 3846 schiimtea
1030 3799 1104 3849 Saite
1115 3800 1273 3860 anausehem
1289 3799 1373 3846 aumal
1384 3812 1431 3848 aus
1443 3802 1489 3849 der
1498 3800 1591 3865 Ferus,
1604 3811 1648 3846 wo
1666 3801 1715 3848 alle
1730 3802 1847 3851 Leiden-

214 3857 301 3907 achalt
326 3861 472 3926 schweigt,
493 3872 521 3909 u.
546 3860 592 3907 das
611 3859 806 3928 Wohlwollen',
827 3866 948 3914 welches
968 3867 1025 3915 dem
1046 3868 1239 3918 menschlichen
1256 3866 1358 3915 lleraen
1381 3870 1554 3936 eingeptlanat
1571 3868 1619 3932 ist,
1635 3869 1707 3917 nicht
1723 3885 1777 3920 von
1794 3882 1847 3918 un-

211 3925 340 3975 mittelhar
363 3930 580 3994 gegsnwtrttgsn
604 3929 788 3996 Ertahrungen
806 3934 900 3995 higen
924 3937 1036 3998 gestiatt
1056 3939 1131 3986 wird:
1155 3939 1216 3984 cher
1233 3935 1305 3983 Ehre
1328 3936 1385 3983 dem
1404 3936 1707 4007 Geschichtsschreiher,
1731 3938 1847 3990 welchar

213 3993 264 4041 den
281 3996 359 4045 eitlen
379 3997 475 4048 Schein
492 4011 553 4047 vom
571 3997 673 4047 Wesen
691 4014 725 4048 zu
743 4006 850 4049 hennon
874 4005 1036 4057 vomentia
1054 4007 1140 4068 gleich
1165 4006 1221 4052 dom
1240 4004 1346 4053 Richter
1363 4006 1409 4054 der
1427 4005 1573 4053 Untarwelt
1591 4007 1632 4054 dle
1651 4009 1746 4059 Seeleu
1769 4007 1849 4057 nacht

210 4063 265 4109 und
282 4064 346 4112 alles
364 4065 475 4127 Pompes
493 4081 519 4115 u.
544 4065 700 4133 Gepritnges
718 4069 859 4118 entkleidet
875 4080 925 4118 vor
943 4073 1033 4123 seinen
1050 4074 1228 4122 Richterstuhl
1245 4075 1323 4122 nieht.
1362 4071 1396 4134 ⁸⁶)
1418 4074 1533 4122 Vossius
1552 4073 1570 4122 1.
1589 4075 1606 4125 l.
1625 4091 1652 4137 p.
1670 4071 1704 4128 65
1734 4092 1791 4136 seu·
1813 4098 1845 4111 ···

211 4129 305 4189 lleyne
322 4145 415 4184 comm.
434 4135 466 4183 de
484 4136 553 4195 Eph.
571 4135 598 4181 in
617 4149 673 4187 soc.
697 4136 771 4188 Gott.
795 4141 854 4187 tom.
874 4140 934 4189 Vll.
953 4155 979 4199 p.
1000 4139 1054 4190 107.
1067 4156 1125 4202 aeq.
1143 4149 1204 4192 tom.
1224 4141 1305 4190 l'lll.
1323 4157 1350 4203 p.
1370 4138 1419 4192 107
1438 4155 1495 4200 seu.
1514 4165 1548 4176 ·-
1582 4144 1664 4194 Meter
1686 4150 1759 4198 Marx
1775 4145 1846 4204 Epir.

211 4198 278 4265 trag.
297 4199 471 4264 Caroliruhae,
490 4197 566 4253 1815.
584 4227 618 4238 -
634 4205 748 4256 'Mueller
761 4209 782 4257 1.
800 4207 816 4257 1Δ
836 4213 896 4256 tom.
914 4208 936 4256 1.
954 4222 980 4269 p.
999 4209 1123 4258 1.1’11--ι
1140 4212 1249 4277 mxlv,
1268 4213 1360 4275 fragm.
1378 4226 1405 4271 p.
1423 4206 1475 4261 881
1492 4235 1526 4247 -
1544 4205 1604 4264 877.
1617 4239 1651 4250 -·-
1668 4218 1712 4266 Fr.
1731 4215 1846 4263 Crenacr

211 4267 582 4321 111ε1.11υοο1(1.(ἱῐίοο11.8
610 4274 672 4322 Aut
700 4277 792 4336 Leipa.
813 4271 879 4324 1845
897 4290 923 4336 p.
942 4272 994 4326 :319
1010 4304 1044 4314 -
1062 4277 1112 4330 tal
1135 4276 1170 4342 ⁸⁶)
1190 4275 1574 4346 cr..s11tuass.v.”spopor.
1594 4285 1749 4332 Straholih.
1774 4279 1845 4331 xttl

211 4335 285 4390 Tum.
302 4349 330 4386 u.
349 4353 376 4398 p.
395 4335 446 4388 458
464 4340 562 4387 Tzsck.
581 4365 615 4376 -
636 4337 670 4404 θ’)
689 4343 730 4392 ct.
749 4344 862 4393 Vossius
880 4345 898 4394 1.
916 4346 934 4393 1.
952 4360 981 4405 p.
998 4340 1042 4396 85.
1060 4351 1133 4399 Marx
1150 4353 1169 4399 1.
1186 4353 1204 4399 1.
1224 4366 1240 4412 p
1259 4342 1303 4398 20.
1322 4363 1364 4408 sq.
1382 4349 1492 4397 Mueller
1509 4364 1536 4410 p.
1554 4350 1631 4400 LVll
1649 4357 1676 4400 et
1692 4349 1792 4399 nvlll.
1815 4376 1843 4385 -

213 4399 247 4497 :zi
266 4405 321 4454 Cic.
340 4408 414 4457 Brut.
439 4422 463 4460 c.
481 4401 516 4486 58
545 4407 588 4457 Gt.
608 4408 663 4460 Cic.
686 4413 719 4460 de
742 4418 806 4463 orat.
830 4413 875 4460 hh·
893 4412 944 4463 111.
967 4429 990 4469 c.
1014 4409 1039 4464 9.
1065 4419 1159 4468 Suidaa
1178 4414 1387 4485 s.·v.'''Erpcpoc·
1426 4414 1460 4482 ⁸⁹)
1477 4420 1546 4470 Plut.
1568 4420 1660 4468 Moral.
1678 4415 1845 4479 (vitulaoc.)

238 4469 251 4536 λ
270 4474 339 4524 Plut.
358 4476 449 4527 Moral.
471 4481 528 4538 (vit.
547 4474 636 4544 Jsoc.)
655 4494 681 4540 p.
698 4475 760 4531 839.
777 4483 812 4533 A.
1517 4522 1540 4535 ..
