3982 5144
171 526 259 612 quod
275 546 320 617 ep
334 523 506 593 llerodoto
523 521 632 615 addit,
657 521 826 590 Sicinnunr
843 521 981 588 filiorum
1001 521 1233 589 Themistoclis
1252 521 1361 589 fnisse
1378 531 1640 611 praeceptorem.
1684 526 1812 593 Devior

175 621 229 681 est
252 633 294 682 ea
316 615 403 679 inter
425 611 628 679 Herodotum
652 618 686 678 et
708 611 796 676 inter
817 608 1028 677 Plutarchum
1050 608 1222 676 dissensio
1262 615 1355 694 qnae
1384 627 1451 677 nan
1478 616 1545 678 tam
1572 614 1608 678 in
1634 614 1812 680 sententiis

173 703 319 768 cernitur
340 718 437 784 quarn
460 700 493 764 in
516 699 713 764 nominibus.
735 696 930 764 Herodotus
954 693 1033 785 (lio.
1056 696 1151 762 Vlll.
1174 656 1254 786 593
1277 704 1393 764 namet
1406 699 1544 765 concilia
1566 706 1644 768 ante
1667 718 1811 790 pugnam

173 785 386 855 Salaminiam
409 792 592 852 convocatu
616 786 864 853 altercationem
893 793 998 850 ortam
1028 802 1110 850 esse
1139 784 1352 851 Themistocli
1376 804 1448 851 cum
1478 786 1656 853 Alimenta
1679 789 1811 854 numum

172 872 415 942 Comnthiarum
438 872 629 963 praefecta3
653 872 853 938 Plutarchus
876 877 992 938 contra
1031 871 1089 936 vit.
1104 871 1220 938 Them.
1239 892 1267 938 c.
1287 867 1364 957 11.)
1380 872 1598 945 ,Themistocli
1615 893 1685 940 cum
1696 874 1811 960 Eury-

170 961 269 1028 biade
292 959 629 1028 Lacedaemoniorum
654 959 750 1026 dirce.
797 959 857 1027 llle
880 954 1011 1048 (litav
1031 959 1074 1025 ll.
1101 955 1196 1044 los.)
1220 960 1434 1026 Themistocli
1457 968 1493 1026 ut
1516 981 1599 1047 pons
1623 963 1656 1027 in
1692 962 1811 1029 Helle-

172 1055 294 1134 sponto
326 1046 572 1115 dissolveretur
601 1048 754 1114 suadenti
778 1047 1004 1134 flagitantique
1030 1046 1213 1113 oblocutum
1243 1066 1326 1116 essa
1355 1053 1390 1115 et
1416 1047 1630 1115 adversatum
1683 1048 1813 1116 ‘erhibet

170 1134 223 1202 Ea
266 1134 407 1220 biadcm,
431 1135 485 1200 hic
508 1134 690 1201 Aristidem
714 1132 797 1222 (vit.
826 1134 943 1200 Them.
970 1152 998 1199 c.
1030 1137 1073 1201 16
1102 1134 1162 1198 vit.
1193 1135 1299 1200 Arist.
1330 1153 1358 1200 o.
1386 1137 1437 1213 9).
1468 1135 1529 1203 lile
1550 1137 1607 1202 lib.
1631 1136 1723 1201 vll.
1748 1138 1812 1200 tta
1912 1177 1914 1180 >

170 1241 191 1288 a
215 1224 245 1288 T
268 1222 439 1289 emistoole
463 1221 604 1289 eundem
626 1222 714 1288 illum
738 1220 930 1306 Sicinnum,
953 1221 1011 1305 qni
1029 1221 1178 1288 Xersem
1207 1221 1249 1289 de
1280 1221 1356 1287 licto
1386 1223 1496 1306 pontis
1528 1225 1561 1288 in
1591 1223 1811 1308 Hellesponto

172 1309 329 1377 solvendi
351 1310 490 1375 consilio
518 1310 694 1377 certiorem
723 1310 879 1375 Arnaoae
909 1307 1054 1395 cuidam,
1085 1328 1127 1375 ex
1161 1309 1303 1393 captivis
1333 1311 1389 1375 rani
1418 1311 1506 1376 illius
1537 1311 1586 1377 rei
1604 1328 1738 1377 'caussa
1767 1308 1811 1373 ad
1904 1337 1907 1344 ·

169 1396 318 1464 Xerxem
342 1395 495 1463 mandata
519 1394 630 1462 delata
653 1411 734 1463 esse
757 1395 867 1463 tradit.
1665 1428 1668 1433 ·
1760 1436 1766 1445 ,

670 1600 786 1706 cap.
810 1621 874 1690 ιι.
918 1620 995 1690 nc
1017 1617 1316 1703 muneratae.

331 1745 371 1810 ln
394 1745 464 1810 vita
488 1734 721 1811 Themistoclis
745 1740 988 1809 conscribenda
1010 1759 1106 1826 quum
1129 1760 1170 1808 ea
1194 1742 1409 1826 pervenisset
1425 1743 1635 1831 Plutarchus,
1648 1751 1682 1812 nt
1697 1745 1810 1810 varios

171 1847 274 1898 maus
298 1831 616 1916 vicissitudinesque
638 1830 793 1897 fortunae
817 1829 976 1914 traderet,
1000 1830 1118 1913 quibus
1142 1828 1385 1895 Themistocles
1408 1831 1440 1895 in
1466 1836 1615 1898 extrema
1639 1836 1707 1898 vita
1729 1850 1813 1898 can-

153 1918 313 1993 >dictatus
338 1925 392 1985 est
414 1927 449 1985 et
471 1920 674 2007 exagitatus,
698 1916 929 2003 percommode
952 1919 983 1984 ei
1006 1916 1155 2002 contigit,
1180 1923 1214 1981 ut
1236 1914 1463 2000 Thucydidem
1486 1925 1653 1986 auctorem
1676 1925 1813 2006 specta·

171 2006 322 2073 tissimae
352 2004 429 2073 fidei
468 2005 623 2092 haberet,
662 2022 758 2087 quem
792 2004 995 2089 potissimum
1026 2011 1225 2086 sequeretur
1256 2004 1290 2067 in
1319 2005 1361 2069 iis
1393 2007 1495 2071 rebus
1525 2005 1734 2092 dirimendis,
1768 2005 1811 2073 de

171 2093 290 2176 quibus
314 2092 569 2173 diversissimae
598 2093 777 2159 exstabant
800 2091 1019 2157 narrationes.
1066 2088 1187 2170 Quanti
1217 2089 1336 2156 iecerit
1363 2091 1561 2158 Plutarchus
1591 2094 1812 2160 clarissimum

170 2179 258 2244 illum
283 2199 391 2246 rerum
417 2182 622 2265 scriptorem¹
642 2198 738 2264 quam
762 2199 805 2246 ex
829 2178 899 2243 vita
921 2178 1036 2246 Them.
1061 2196 1090 2242 c.
1113 2181 1158 2243 27
1180 2183 1246 2242 tum
1275 2179 1414 2245 maxime
1430 2199 1472 2247 ex
1489 2181 1558 2245 vita
1575 2182 1647 2246 Nic.
1666 2201 1696 2246 c.
1721 2176 1812 2265 1¹⁰).

169 2266 375 2354 intelligitur.
422 2265 640 2347 Quamobrem
669 2284 735 2330 non
765 2271 820 2333 est
852 2284 910 2332 cur
938 2266 1086 2351 mireris,
1117 2263 1203 2349 quod
1228 2264 1425 2332 Plutarchus
1455 2285 1582 2333 summa
1604 2266 1810 2351 Thucydidis

170 2352 389 2421 admiratione
411 2354 531 2421 ductus
555 2352 641 2418 hunc
664 2359 832 2420 auctorem
856 2353 1049 2438 ubicumque
1072 2354 1176 2438 potuit
1198 2369 1263 2415 nan
1288 2352 1393 2417 salum
1421 2362 1558 2420 secutus
1588 2363 1643 2422 est
1666 2355 1812 2445 diligen·

172 2441 317 2526 tissime,
337 2441 401 2506 sed
418 2441 613 2507 adverbum
628 2441 726 2508 etiam
746 2441 819 2506 eius
843 2442 1087 2507 enarrationem
1111 2440 1248 2524 saepius
1272 2441 1521 2527 transscripsit,
1551 2442 1585 2506 id
1609 2443 1695 2527 qnod
1721 2449 1756 2509 et
1776 2443 1810 2507 in

170 2527 235 2593 hac
255 2525 299 2594 de
322 2547 387 2613 qua
409 2530 521 2618 agitor
543 2528 630 2615 vita,
661 2546 736 2592 mox
761 2527 946 2595 videbimus
970 2535 1004 2594 et
1031 2528 1141 2594 ubivis
1164 2528 1198 2591 in
1222 2526 1378 2616 legendis
1401 2528 1481 2594 vitis
1505 2529 1658 2617 Periclis,
1682 2530 1810 2614 Niciae,

170 2614 356 2682 Alcibiadis
379 2616 478 2684 facile
502 2617 666 2682 invenies.
713 2614 928 2699 Thucydides
957 2617 1042 2681 cuim
1065 2617 1098 2680 in
1121 2615 1205 2679 libro
1229 2617 1333 2699 prima
1363 2615 1523 2683 historiae
1554 2636 1638 2683 suae
1667 2635 1809 2684 caussas
1869 2640 1872 2645 ¹

170 2702 248 2768 belli
272 2703 549 2789 Peloponnesiaci
573 2703 749 2790 explicans
777 2721 901 2787 resque
923 2720 1188 2787 eas-enarrans,
1219 2721 1304 2786 quae
1327 2702 1556 2771 Athenienses
1586 2707 1673 2770 inter
1699 2706 1811 2770 Lace-

171 2788 430 2876 daemoniosque
452 2791 663 2857 internuntiis
689 2790 772 2854 ultra
796 2791 944 2873 citroque
967 2789 1080 2854 miscis
1104 2792 1301 2877 agebantur,
1328 2802 1425 2871 quum
1447 2793 1634 2880 argumenti
1657 2791 1811 2855 reticita

170 2877 277 2943 ferret
299 2897 340 2944 ac
362 2879 560 2964 postularet,
590 2884 625 2941 ut
654 2876 698 2944 de
727 2878 917 2942 Pausaniae
945 2879 1037 2943 exitu
1061 2878 1149 2942 tristi
1177 2877 1232 2941 illa
1256 2876 1402 2960 quidem,
1421 2879 1496 2944 'sed
1524 2878 1611 2944 hand
1639 2879 1810 2964 immerita,

168 2965 277 3032 verba
300 2964 447 3055 iaceret,
476 2965 538 3029 hac
567 2966 811 3050 opportunitate
835 2963 878 3031 de
901 2963 1125 3029 Themistocle
1149 2960 1280 3030 dicendi
1304 2964 1415 3030 oblata
1444 2961 1543 3052 (nam
1565 2965 1809 3031 Themistocles

169 3050 446 3118 Lacedaemoniis
471 3052 697 3119 suadentibus·
714 3070 780 3118 una
803 3070 873 3116 cum
897 3050 1066 3117 Pausania
1090 3050 1286 3136 proditionis
1309 3059 1487 3118 accusatus
1510 3061 1594 3139 erat,
1618 3051 1705 3137 quad
1728 3070 1811 3118 can-

170 3140 247 3205 silia
270 3139 426 3205 iniissent
449 3159 520 3206 cum
544 3159 629 3226 rege
651 3139 696 3204 de
720 3138 935 3224 opprimenda
958 3134 1126 3223 Graecia)
1150 3139 1236 3203 illam
1260 3139 1441 3205 narrationi
1464 3143 1605 3207 inseruit
1619 3139 1812 3229 digressio-

170 3245 262 3313 nem,
284 3244 349 3311 qua
370 3227 444 3291 vira
467 3227 513 3291 illi
536 3227 738 3311 amplissima
763 3227 1031 3310 peritissimeque
1055 3245 1163 3291 rerum
1189 3226 1330 3291 civilium
1356 3235 1597 3295 monumentum
1628 3229 1811 3294 constitue-

167 3319 224 3379 ret
245 3332 326 3380 aere
349 3309 601 3398 perennius11).
648 3316 723 3378 Non
747 3315 832 3378 enim
862 3312 947 3402 iugit
970 3312 1215 3397 Thucydidem,
1245 3333 1354 3380 rerum
1384 3315 1587 3382 Graecarum
1616 3316 1810 3381 aestimato·
1901 3359 1903 3363 -

169 3420 240 3466 rem
263 3407 329 3465 tam
352 3401 562 3490 ingeniosum
585 3409 716 3486 tamque
740 3420 907 3486 severum,
932 3408 1085 3484 quantum
1108 3400 1351 3466 Themistocles
1382 3420 1444 3467 sua
1475 3403 1809 3488 rerum-publicarum

170 3488 402 3572 procuratione
433 3499 532 3575 atque
566 3488 852 3555 administratione
886 3488 1083 3554 contulisset
1113 3494 1148 3553 et
1174 3487 1217 3552 ad
1253 3489 1416 3553 barbaros
1453 3487 1672 3574 depellendas
1703 3494 1737 3554 et
1765 3486 1809 3552 ad

170 3575 355 3643 libertatem
383 3577 654 3661 confirmandam,
684 3581 903 3660 quantumque
931 3577 1004 3640 eius
1034 3594 1144 3640 rerum
1174 3577 1405 3641 maritimarum
1435 3594 1514 3642 cura
1543 3583 1643 3663 atque
1666 3573 1808 3641 studium

171 3664 358 3750 effecisset,
388 3671 423 3731 nt
450 3664 493 3730 ad
524 3663 754 3730 Athenienses
785 3680 909 3728 summu
938 3663 1065 3748 imperii
1093 3664 1242 3727 maritimi
1257 3660 1520 3730 transferretur.
1565 3667 1634 3730 lam
1664 3679 1748 3727 vero
1777 3661 1808 3724 si

171 3750 436 3829 consideramus,
471 3749 649 3836 quomoda·
665 3749 865 3815 Plutarchus
900 3752 1034 3816 brevem
1068 3749 1155 3815 illam
1192 3749 1467 3838 descriptionem,
1498 3771 1563 3836 qua
1593 3745 1808 3832 Thucydides

170 3838 406 3907 Themistoclis
429 3840 557 3907 exsulis
580 3837 650 3904 iata
672 3838 786 3923 paucis
811 3839 906 3922 quasi
930 3835 1111 3903 delineavit
1134 3849 1234 3922 atque
1257 3834 1483 3926 adumbravit,
1513 3841 1547 3904 in
1571 3856 1639 3904 rem
1663 3853 1809 3901 conver·

170 3927 248 3995 terit
277 3945 386 4016 suam,
417 3930 460 3995 ab
488 3944 530 3993 ea
560 3926 701 4011 petiisse
730 3923 863 3992 videtur
886 3931 1035 3991 extrema
1065 3924 1280 4009 lineamenta,
1316 3925 1434 4008 quibus
1464 3925 1686 3991 narrationem
1715 3940 1810 3987 suam

169 4013 351 4098 pleniorem
383 4016 628 4098 auctioremque
659 4014 954 4080 circumscriberet.
997 4014 1163 4094 -Namque
1198 4017 1232 4076 ut
1267 4012 1397 4077 consilii
1425 4015 1477 4079 sui
1513 4029 1636 4079 memor
1670 4009 1810 4075 solidam

171 4102 404 4187 caloribusque¹
426 4102 520 4186 quasi
551 4100 745 4167 adornatam
780 4102 983 4184 exprimeret
1013 4100 1076 4164 viri
1100 4099 1188 4164 illius
1210 4100 1403 4187 imaginem,
1427 4119 1486 4185 pra
1509 4099 1637 4187 ingenti
1660 4099 1716 4163 illa
1745 4115 1809 4182 qna

170 4190 316 4274 pallebat
339 4189 509 4256 doctrinae
534 4190 752 4277 lectionisque
777 4189 871 4272 copia
894 4187 978 4252 alias
1000 4186 1081 4253 adiit
1104 4187 1314 4272 inspexitque
1336 4194 1503 4277 auctores,
1528 4186 1583 4271 qui
1604 4187 1688 4253 alius
1713 4185 1808 4257 aliam

335 4396 372 4459 ¹⁰)
384 4397 458 4468 ’Ὠρα
475 4402 670 4465 παραιτεῖσθαι
688 4407 734 4464 '-‚
752 4394 824 4452 ὅπως
841 4399 886 4453 ἐπὶ
904 4400 963 4450 roris
972 4394 1120 4466 διηγήσεσιν
1136 4393 1177 4450 αἷς
1189 4391 1350 4465 Θουκοδίδηο.
1369 4391 1468 4449 ov'cdc
1485 4393 1591 4451 αὐτοῦ
1609 4401 1686 4462 περὶ
1702 4386 1766 4446 rori
1771 4411 1810 4444 τα

172 4466 478 4537 παθητινοῖτατος,
497 4470 751 4538 ἐναργέστατος
768 4464 1031 4522 ποικιλώτατον
1049 4465 1250 4536 γενόμενος,
1269 4460 1443 4531 α’μιμὴτωο
1461 4464 1641 4534 ἐξενήνοχε
1657 4457 1810 4530 μηδὲνῆμᾶτ

172 4537 492 4609 ιῖττολοίβωοιπεποθέναι
513 4544 615 4607 Τιμαίῳ
627 4537 719 4592 πάθοι
736 4532 840 4605 ὅμοιον,
860 4532 888 4591 ὃν
904 4557 930 4589 κ.
948 4558 971 4590 τ.
989 4535 1014 4589 λ.

334 4641 370 4704 ¹¹)
389 4646 456 4695 Vide
474 4647 594 4707 imprimis
613 4646 658 4695 lib.
677 4644 699 4694 Ι.
719 4636 779 4694 138.
