3982 5144
976 185 998 245 4

174 397 324 466 homines
353 393 573 478 descripserit
601 409 666 457 non
701 388 818 474 quales
848 388 985 474 fuerint,
1017 387 1081 455 sed
1112 386 1230 473 quales
1244 388 1368 481 tuisse
1397 391 1472 476 ipse
1501 410 1563 459 ens
1593 390 1657 459 sibi
1682 392 1816 461 tinxerit

173 487 292 554 animo.
317 482 384 548 Alii
406 478 654 565 reprehendunt
677 478 710 544 in
734 496 774 543 eo
799 476 929 542 nimium
952 475 1116 560 quoddam
1131 474 1274 543 studium
1297 476 1462 543 hominum
1483 479 1621 565 iugenio
1637 499 1815 565 moresque

173 568 383 642 sententiolis
407 566 601 651 quibusdam
625 570 659 631 et
688 564 798 631 tacete
827 562 926 628 dictis
955 561 1172 631 adumbrandi
1202 570 1237 628 et
1259 563 1464 653 illustraud13
1492 565 1626 631 avidius
1649 568 1735 633 enim
1759 568 1816 634 illa

172 681 245 729 eum
268 655 453 742 arripuisse
477 653 627 738 omnique
650 651 769 739 iudicio
792 651 916 715 omisso
939 649 973 714 id
996 656 1119 716 tantum
1144 657 1341 735 spectasse,
1365 651 1465 717 utils
1488 659 1642 736 tanquam
1665 654 1813 721 flosculis

171 753 207 817 et
229 743 407 834 pigmentis
431 740 612 807 orationem
636 759 730 805 suam
752 736 976 825 distingueret
999 743 1033 804 et
1055 743 1245 804 exornaret
1291 739 1345 803 Ab
1367 739 1444 804 aliis
1467 738 1610 823 denique
1634 739 1814 809 desidera-

170 843 223 900 tur
245 831 373 920 ingenii
403 847 542 894 acumen
578 846 618 893 ac
648 825 798 892 sollertia
826 824 948 907 illoque
978 844 1037 889 ars
1066 842 1151 890 vera
1180 834 1213 891 et
1240 824 1329 892 falsa
1358 824 1573 898 diiudicandir
1603 847 1677 894 narn
1709 830 1816 893 mani-

171 921 291 989 festam
314 920 394 984 es'se
419 916 510 981 aiunt
533 916 606 981 eius
630 913 866 978 dubitationem
889 916 923 978 et
945 910 1197 978 haesitationem
1221 912 1254 978 in
1279 914 1380 978 rebus
1409 913 1627 978 aestimandis
1657 934 1698 980 ac
1729 936 1815 999 pon-

170 1005 348 1091 derandis,
385 1019 537 1091 magnam
573 1000 683 1066 iudicii
711 999 767 1065 vel
789 999 931 1082 inopiam
955 998 1009 1065 vel
1033 999 1202 1066 levitatem
1226 1007 1291 1065 tum
1316 1000 1425 1065 ubivis
1448 1001 1611 1087 conspici,
1640 1021 1736 1085 quum
1770 1022 1815 1070 err

175 1095 322 1161 diversis
346 1089 525 1158 sententiis
549 1087 706 1177 eligenda
729 1088 773 1151 sit
797 1105 872 1157 nna.
967 1161 973 1175 ,

330 1175 423 1257 Quas
447 1175 693 1241 criminationes
717 1192 791 1238 non.
809 1191 947 1256 prorsus
976 1172 1071 1237 fictas
1102 1192 1183 1239 esse
1211 1179 1320 1255 atque.
1338 1172 1464 1259 falsas,
1495 1174 1558 1239 sed
1588 1177 1662 1242 veri
1692 1175 1815 1260 aliquid

172 1271 215 1336 iis
238 1269 383 1333 subesse
407 1282 522 1329 omnes
546 1261 731 1328 concedant
754 1279 898 1328 necesse
923 1267 985 1326 est.
1008 1259 1054 1323 Et
1076 1279 1160 1326 sane
1184 1258 1365 1345 prudenter
1377 1261 1491 1328 lacere
1510 1280 1583 1346 eos,
1603 1263 1661 1345 qui
1679 1281 1735 1329 res
1751 1282 1817 1327 an-

174 1358 282 1438 tiques
315 1356 567 1437 perscrutantes
596 1350 629 1414 in
659 1349 739 1413 vitis
770 1347 938 1411 Plutarchi
968 1347 1169 1432 usurpandis
1201 1349 1352 1412 cautione
1383 1347 1523 1432 quadarn
1555 1367 1639 1433 opus
1669 1369 1750 1417 esse
1782 1357 1816 1417 et
1904 1422 1907 1426 ,

173 1440 355 1507 diffidentia
379 1435 738 1522 censeant,‚equidem
760 1435 890 1500 minime
915 1434 1121 1521 negaverim.
1168 1430 1241 1500 Sed
1269 1454 1312 1500 ne
1335 1435 1478 1518 iniquius
1502 1434 1545 1501 de
1569 1436 1734 1520 scriptore
1757 1436 1813 1501 illo

172 1528 353 1595 iudicemus
378 1544 466 1591 neve
490 1521 738 1607 desideremus,
769 1540 853 1605 quae
882 1523 956 1604 ipse
984 1539 1005 1585 a
1034 1521 1204 1605 proposito
1233 1540 1294 1586 suo
1324 1521 1433 1587 aliena
1456 1523 1610 1608 putabat,
1643 1524 1719 1588 illos
1750 1543 1814 1588 nos

172 1620 295 1682 afferre
319 1609 487 1677 Plutarchi
510 1611 603 1678 locos
626 1629 767 1694 aequum
788 1615 853 1694 est,
877 1610 932 1691 qui
955 1608 998 1673 ad
1021 1609 1157 1674 crimina
1180 1608 1235 1674 illa
1258 1606 1317 1673 vel
1338 1607 1552 1698 infringenda
1567 1609 1623 1675 vel
1638 1610 1815 1676 minuenda

173 1705 240 1767 sint
262 1699 382 1787 idonei,
407 1698 591 1782 quibusque
614 1700 688 1783 ipse
712 1695 901 1762 criminibus
925 1714 1010 1779 quae
1034 1695 1251 1761 indicavimus
1285 1699 1381 1778 quasi
1405 1696 1624 1782 respondisse
1650 1695 1813 1764 videatur.

172 1788 439 1872 Descriptionem
464 1805 572 1850 rerum
596 1793 785 1874 gestarum,
810 1801 894 1866 quae
918 1783 1092 1849 offensioni
1117 1790 1170 1848 est
1194 1783 1403 1868 quibusdam,
1432 1803 1579 1849 mancam
1603 1784 1690 1851 illam
1714 1791 1814 1868 atque

171 1876 367 1958 inchoatam,
391 1873 574 1956 quam‘iam
592 1871 786 1957 aequalibus
809 1888 875 1933 non
898 1871 1068 1954 probatam
1091 1869 1199 1938 luisse
1221 1870 1298 1938 licet
1318 1871 1497 1957 coniicere,
1519 1873 1553 1934 in
1577 1871 1646 1937 vita
1661 1872 1815 1940 Alexan-

174 1963 226 2027 dri
250 1983 278 2027 ο.
304 1966 334 2026 l.
358 1959 500 2046 probare
525 1959 637 2025 studet
660 1959 713 2023 bis
739 1957 868 2023 verbis:
920 1950 992 2020 Τδν
1021 1949 1249 2041 Ἀλεξάνδρου
1283 1956 1346 2021 τοῦ
1377 1957 1542 2042 βασιλέως
1564 1955 1645 2041 βίον
1667 1959 1723 2022 καί
1751 1956 1816 2022 τοῦ

172 2046 360 2130 Καίσαρος,
384 2038 443 2129 ῦφ’
467 2037 508 2110 οῦ
532 2038 706 2126 κατελύθη
719 2037 922 2128 Πομπήϊος,
947 2048 985 2109 ἐν
1006 2036 1116 2127 τούτῳ
1132 2044 1180 2127 τῷ
1204 2043 1326 2129 βιβλίῳ
1342 2038 1546 2130 γράφοντες,
1571 2036 1627 2127 διά
1652 2037 1693 2108 τά
1720 2046 1815 2127 πλῆ-

171 2142 239 2208 θος
261 2136 331 2200 τάν
353 2129 593 2218 ῦποκειμίνων
616 2124 770 2217 πράξεων
793 2122 895 2196 οῦδὲν
917 2125 998 2195 άλλο
1022 2134 1238 2216 προεροῦμεν
1258 2126 1283 2213 ἦ
1306 2124 1592 2217 παραιτησόμεθα
1615 2123 1697 2202 τοῦς
1724 2126 1814 2196 α’να-

172 2217 418 2309 γινώσκοντας,
455 2215 528 2284 ἐάν
564 2211 619 2302 μή
653 2212 795 2283 πάντα
826 2215 930 2302 μηδὲ
954 2211 1044 2283 καθ’
1074 2225 1252 2285 ἕκαστον
1287 2217 1622 2304 ἐξειργασμένως
1650 2242 1693 2282 τι
1735 2218 1814 2282 τῶν

171 2301 443 2396 περιβοήτων
467 2299 816 2411 άπαγγέλλωμεν,
845 2298 948 2368 οἷλλοί
978 2306 1284 2390 ἐπιτέμνοντες
1307 2298 1356 2369 τά
1380 2305 1577 2385 πλεῖστα,
1602 2299 1659 2391 μή
1684 2329 1814 2372 σακο-

173 2404 361 2480 porreto.
388 2389 594 2480 Οῦτεγαρ
611 2385 1058 2478 ἱστορίαςγράφομεν,
1079 2387 1180 2459 α’λλά
1204 2393 1344 2480 βίους,
1363 2389 1459 2459 οῦτε
1482 2405 1580 2466 ταῖς
1606 2399 1815 2478 ἐπιφανε-

172 2477 353 2555 στάταις
372 2475 549 2565 πράξεσι
573 2481 742 2552 πάντως
762 2485 899 2545 ἔνεστι
924 2475 1102 2563 δήλωσις
1119 2475 1267 2566 οἷρετῆς
1289 2477 1313 2564 ἢ
1336 2479 1495 2558 κακίας,
1515 2474 1616 2547 οἷλλά
1640 2483 1814 2568 πράγμα

172 2563 309 2658 βραχά
328 2564 531 2642 πολλάκις
551 2567 618 2634 καί
636 2569 745 2653 ῥῆμα
761 2571 828 2633 κοιλ
848 2561 998 2633 πάιδιά
1021 2592 1084 2640 τις
1106 2565 1439 2653 ἕμφασινῆῦοας
1459 2569 1635 2653 ἐποίησε
1652 2570 1815 2654 μάλλον

172 2652 328 2744 ἤμάχαι
345 2648 705 2742 μωριόνεκροικοιλ
723 2650 981 2739 παρατάξεις
999 2655 1245 2740 αἱμέγισται
1266 2657 1333 2723 καὶ
1351 2656 1593 2741 πολιορκίαι
1610 2652 1773 2722 πόλεων
1792 2658 1815 2735 ³)

335 2743 399 2825 Qui
422 2752 530 2812 autem
554 2745 719 2832 imagines
742 2744 817 2809 illas
841 2745 987 2809 virorum
1011 2745 1240 2811 excellentium
1269 2748 1303 2811 in
1332 2746 1410 2810 vitis
1434 2746 1603 2830 parallelis
1627 2762 1813 2829 expressas

173 2835 259 2898 omni
283 2853 327 2897 ex
352 2837 445 2915 parte
471 2851 572 2898 veras
597 2851 678 2897 esse
702 2839 829 2921 negant
851 2833 1078 2916 affirmentque
1103 2851 1164 2899 eas
1181 2832 1362 2918 splendore
1379 2832 1489 2899 fucato
1508 2833 1626 2917 nitere,
1644 2830 1666 2894 ii
1684 2850 1814 2916 quoque

173 2917 310 2986 videant
333 2920 449 2998 velim,
478 2939 521 2984 ne
545 2919 700 2985 severius
725 2918 768 2985 de
791 2919 968 2985 Plutarcho
992 2919 1145 2987 iudicent.
1190 2922 1275 2985 Nam
1304 2920 1367 2987 hac
1396 2921 1494 2987 etiam
1524 2920 1557 2983 in
1586 2935 1709 2984 caussa
1734 2938 1814 3003 per-

173 3005 350 3092 pendenda
373 3024 414 3071 ac
437 3005 682 3073 consideranda
707 3012 784 3071 sunt
807 3026 865 3091 ea,
895 3025 979 3091 quae
1007 3005 1049 3073 de
1073 3026 1135 3072 sua
1157 3008 1231 3092 ipse
1255 3008 1382 3074 ratione
1406 3009 1527 3090 viaque
1557 3007 1698 3071 vitarum
1726 3008 1814 3073 scri-

174 3094 357 3160 bendarum
380 3095 557 3160 memoriae
582 3091 734 3176 prodidit.
759 3091 905 3179 Saepius
929 3095 1014 3160 enirn
1027 3093 1225 3160 Plutarchus
1247 3100 1351 3159 artem
1375 3114 1480 3181 suam,
1500 3096 1538 3159 in
1561 3093 1813 3160 conscribendis

175 3183 321 3245 virorum
344 3182 519 3246 illustrium
543 3182 622 3245 vitis
646 3180 838 3259 adhibitam,
867 3181 1060 3247 simillimam
1089 3180 1167 3246 dicit
1196 3200 1277 3247 esse
1307 3180 1373 3268 illi,
1400 3201 1464 3266 ique
1492 3183 1641 3267 pictores
1669 3189 1813 3266 utantur,

175 3274 210 3332 ut
234 3267 396 3332 hominum
420 3267 554 3357 effigies
578 3266 620 3333 ad
646 3269 828 3353 exemplum
853 3269 1055 3357 exprimantq
1079 3287 1187 3352 neque
1211 3269 1368 3353 pictorum
1393 3289 1475 3336 esse
1498 3268 1680 3355 existimat,
1704 3268 1813 3355 siquid

174 3355 288 3419 vitiosi
317 3357 361 3420 sit
391 3357 424 3420 in
455 3375 595 3441 corpore
625 3361 659 3422 et
688 3356 872 3443 invenusti,
903 3354 936 3422 id
968 3375 1063 3440 quam
1094 3354 1351 3444 diligentissime
1380 3359 1587 3441 exprimere,
1615 3364 1651 3423 ut
1679 3357 1813 3445 efligies

174 3441 336 3507 hominurn
362 3442 487 3508 similes
511 3450 611 3528 atque
634 3461 737 3509 veras
762 3443 918 3531 efficiant,
943 3463 1050 3528 neque
1074 3444 1214 3509 vitarum
1238 3445 1429 3530 scriptoris,
1457 3464 1552 3530 quum
1575 3445 1619 3508 sit
1641 3444 1815 3509 humanum

173 3529 283 3594 multis
307 3532 341 3594 in
365 3531 466 3596 rebus
489 3530 575 3617 labi,
599 3532 761 3601 hominum
786 3532 1020 3620 vituperationi
1044 3532 1152 3618 magis
1177 3550 1273 3615 quam
1294 3530 1384 3597 laudi
1413 3533 1600 3599 consulere.
1644 3529 1716 3597 Sed
1739 3531 1814 3613 ipsa

173 3615 341 3682 Plutarchi
372 3618 476 3684 verba
513 3618 555 3685 ad
596 3619 755 3684 rationem
793 3619 867 3684 eius
903 3619 1139 3724 consiliumque
1177 3618 1442 3706 intelligendum:
1477 3620 1652 3707 aptissima
1689 3619 1813 3682 afferre

174 3723 298 3790 operae
322 3707 462 3791 pretium
486 3702 671 3794 videtur⁴].
692 3700 833 3790 Ὣςπερ
855 3697 919 3792 γάρ
943 3698 1024 3778 τοῦς
1048 3729 1090 3769 τα
1115 3697 1200 3771 καλά
1224 3710 1280 3789 καί
1303 3704 1436 3791 πολλήν
1458 3711 1583 3796 ἔχοντα
1614 3699 1715 3792 χάριν
1742 3701 1816 3786 εἴδη

174 3792 456 3876 ζωγραφοῦντας,
482 3787 527 3859 οἳν
554 3794 666 3878 προσῇ
690 3818 724 3858 τι
743 3787 866 3880 μικράν
897 3786 1016 3866 αῦτοῐς
1045 3790 1203 3881 δυσχερὲς
1232 3785 1396 3879 α’ξιοῦμεν
1418 3789 1525 3880 μήτε
1554 3792 1818 3877 παραλιπεῖν
1910 3838 1914 3845 -

173 3880 300 3979 τοῦτο
324 3879 480 3954 τελέως
502 3872 614 3967 μήτε
637 3883 894 3967 ἐξακριβοῦν·
917 3875 959 3946 τά
974 3885 1041 3965 μὲν
1063 3874 1128 3970 γάρ
1152 3873 1363 3986 αἰοχράν,το“
1382 3872 1411 3947 δ’
1435 3877 1605 3968 α’νομοίαν
1629 3879 1816 3967 παρέχεται

172 3987 254 4047 coqu
277 3960 372 4052 ὄψιν·
396 3963 514 4052 οὕτως,
539 3967 614 4033 ἐπεί
637 3963 790 4056 χαλεπόν
812 3973 897 4046 ἐστι,
920 3968 1054 4054 μάλλον
1076 3962 1184 4043 δ’ἴσως
1207 3961 1405 4058 αμήχανον,
1422 3963 1636 4056 α’μεμφῆκαὶ
1659 3964 1818 4055 καθαράν

175 4043 302 4137 οἷνδρδς
325 4054 489 4130 ἐπιδεῖξαι
510 4048 608 4144 βίον,
634 4062 672 4122 ἐν
686 4066 759 4129 τοῖς
771 4057 886 4132 καλοῖς
898 4052 1166 4142 άναπληρωτέον
1189 4052 1300 4144 ὥσπερ
1325 4051 1519 4144 ὁμοιότητα
1542 4053 1609 4138 τήν
1634 4049 1816 4142 άληθειαν.

178 4133 265 4211 Τάς
290 4134 368 4205 δ’ἐκ
391 4137 563 4218 πάθους
585 4142 706 4217 τινάς
728 4140 752 4228 ἢ
776 4144 1003 4230 πολιτικῆς
1033 4141 1217 4234 οἶνάγκης
1241 4139 1556 4232 ἐπιτρεχούσας
1589 4158 1685 4219 ταῖς
1713 4134 1818 4228 πρά·

174 4230 286 4298 ξεσιν
324 4222 536 4317 άμοιρτίας
567 4233 638 4299 καί
666 4232 797 4319 κῆρας
833 4232 1095 4319 ἐλλείμματα
1114 4235 1273 4320 μάλλον
1297 4227 1453 4319 αἱρετῆς
1474 4230 1641 4318 τινοςῆ
1671 4231 1818 4300 κακίας

173 4358 491 4376 Μ...-

331 4403 356 4464 ⁸)
376 4407 418 4457 (il.
437 4423 541 4470 quoque
559 4411 608 4462 vit.
626 4411 683 4462 Nic.
701 4425 726 4463 c,
748 4409 772 4463 l.

334 4509 360 4570 ⁴)
379 4513 433 4564 vit.
451 4514 517 4565 Cim,
536 4528 559 4563 c.
577 4509 604 4566 λ.
623 4514 698 4567 conl.
717 4518 764 4569 vit.
783 4518 859 4569 Alex.
879 4532 902 4567 c.
921 4515 946 4568 l.
