3982 5144
861 260 1012 371 Ι11

178 519 286 586 dmum
310 522 364 584 est
386 513 464 580 illud
487 513 725 600 interpretandi
744 533 872 602 genus,
904 513 1001 598 11111
1031 514 1094 579 sibi
1125 513 1313 599 sumpsisse
1342 514 1475 581 videtur
1504 511 1750 580 Stesimbrotus
1779 513 1813 578 in

178 605 260 671 libro
292 604 334 670 de
370 601 469 669 initiis
504 605 599 683 (copi
628 601 794 689 11111111),
831 600 918 667 unde
952 601 1054 686 petita
1088 606 1165 666 sunt
1198 600 1312 667 additu
1345 601 1421 667 libri
1455 601 1670 686 inscriptione
1705 602 1812 668 verba

177 683 546 844 firangmtffinfflym'
577 688 621 753 Μ.
648 709 677 773 1.
702 682 871 775 tonan)
893 694 934 762 ,11
964 688 1038 768 sipe
1066 686 1163 755 dubio
1199 706 1257 774 en,
1277 706 1372 773 ,quae
1401 688 1445 755 de
1474 685 1720 774 Corybantibus
1751 687 1815 754 ha·-

200 784 235 845 et
284 785 376 842 trao
440 820 447 839 .
879 825 880 828 ¹

336 774 436 933 Hae}
454 862 563 929 studio
586 863 670 928 satis
695 862 823 947 quidem
847 883 928 930 esse
951 869 1029 948 apta
1051 861 1093 929 nd
1114 882 1188 930 111
1218 863 1343 952 ingenii
1373 865 1438 929 vim
1462 862 1701 950 exercendam,
1728 879 1814 947 quae

179 953 212 1018 in
235 952 335 1018 rebus
359 952 559 1040 cogitatione
583 949 805 1039 depingendis
830 951 1042 1039 conspicitur,
1066 951 1196 1018 minime
1220 970 1302 1016 vero
1326 950 1571 1017 accommodata
1591 950 1636 1014 illi
1660 949 1813 1016 veritatis
1873 948 1876 952 ’

177 1039 298 1122 amori,
322 1058 389 1125 quo
408 1058 519 1105 rerum
543 1038 737 1122 scriptorem
761 1037 912 1104 imbutum
937 1058 1018 1104 esse
1040 1045 1207 1126 oportent,
1234 1057 1300 1103 non
1325 1047 1380 1105 est
1409 1037 1495 1122 quod
1519 1036 1635 1102 dicam.
1680 1033 1814 1115 Quare

179 1127 392 1194 consideratu
415 1127 446 1190 si
468 1125 546 1191 illud
570 1144 698 1210 quoque
722 1126 911 1193 memineris
944 1124 1049 1208 qualis
1080 1127 1209 1191 omnino
1244 1125 1343 1191 fuerit
1367 1125 1588 1210 sophistarum
1612 1123 1743 1189 indoles
1774 1142 1814 1190 ac

179 1219 296 1280 natura
320 1220 354 1280 et
376 1213 586 1297 reputaveris
611 1219 763 1295 quantum
787 1214 820 1277 in
843 1211 1091 1278 Atheniensium
1116 1213 1284 1298 republica
1308 1215 1444 1298 partium
1474 1210 1699 1277 studiumillo
1729 1216 1816 1276 tem-

179 1320 261 1385 pore
283 1301 394 1387 fuerit,
418 1299 671 1367 Stesimbrotum
695 1316 807 1384 parum
831 1299 937 1365 inisse
960 1299 1129 1384 idoneum,
1160 1301 1213 1384 qui
1238 1320 1320 1367 suae
1342 1301 1462 1366 aetatis
1486 1299 1656 1365 historiam
1685 1299 1816 1364 rcribe-

179 1394 243 1472 ret,
266 1387 364 1453 lacile
387 1386 561 1455 concedes.
586 1386 695 1470 Atque
720 1405 760 1452 re.
779 1405 862 1452 vern
885 1386 940 1453 ille
964 1386 1007 1452 de
1022 1386 1254 1463 'Themistocle
1267 1387 1461 1472 Thucydide
1479 1393 1513 1452 et
1534 1387 1665 1452 Pericle
1683 1384 1814 1451 libellus

180 1492 221 1540 eo
246 1475 382 1540 consilio
407 1475 614 1559 conscriptus
638 1493 719 1540 esse
742 1473 892 1561 videtur,
915 1480 950 1538 ut
973 1475 1110 1558 partium
1134 1473 1253 1538 studiis
1277 1475 1459 1560 inserviret
1482 1481 1516 1540 et
1539 1473 1814 1539 cavillationibus.

181 1560 434 1628 Themistoclem
481 1562 566 1629 enim
609 1567 642 1628 et
686 1561 864 1648 Periclem,
907 1566 1019 1649 utpote
1054 1561 1256 1647 popularium
1291 1562 1394 1629 duces
1430 1570 1464 1628 et
1500 1568 1673 1647 auctores,
1716 1557 1816 1624 vides

181 1649 385 1714 contumeliis
409 1656 594 1734 coopertos,
619 1645 787 1714 Cimonem
810 1654 937 1736 autem,
960 1650 992 1714 in
1017 1649 1109 1713 cuius
1133 1650 1237 1713 locum
1262 1657 1378 1734 postea
1401 1650 1566 1717 successit
1589 1644 1816 1734 Thucydides,

180 1736 378 1820 optimatium
399 1736 588 1821 principem,
611 1735 763 1802 laudibus
782 1741 918 1820 spectas
941 1743 1144 1820 exornatum,
1164 1736 1295 1819 priscae
1314 1737 1446 1802 virtutis
1465 1736 1559 1821 quasi
1577 1727 1816 1818 exernplorss).

339 1822 580 1890 Stesimbrotus
603 1825 704 1911 igitur
727 1843 813 1889 unus
836 1823 943 1889 luisse
966 1843 1076 1891 eornm
1102 1822 1250 1908 videtur,
1275 1825 1328 1908 qui
1352 1825 1550 1909 optimatium
1574 1822 1722 1906 partibus
1753 1819 1816 1885 de-

182 1908 249 1996 diti,
274 1909 507 1977 Themistoclis
531 1917 564 1977 et
587 1912 728 1978 Periclis
753 1911 910 1975 institutis
940 1928 1113 1994 rerumque
1138 1911 1336 1996 publicarum
1360 1911 1643 1977 administratione
1668 1907 1817 1992 discipli·

181 2015 254 2061 nam
289 1998 448 2082 publicam
485 2005 672 2085 corruptam
708 2015 788 2064 esse
822 1998 1038 2082 populumque
1066 2015 1086 2061 1
1117 1999 1228 2082 prisca
1256 1999 1311 2065 illa
1343 1999 1503 2064 victorum
1537 1996 1818 2062 Marathoniorum

180 2083 303 2150 virtute
327 2091 360 2150 et
382 2104 503 2152 morum
520 2087 729 2171 simplicitate
740 2083 984 2172 degenerasse,
1008 2087 1116 2151 conati
1140 2092 1217 2151 sunt
1236 2086 1430 2170 aequalibus
1455 2084 1670 2172 persuadere.
1694 2081 1819 2163 Quam·

180 2171 292 2237 obrem
315 2171 495 2258 prudenter
520 2175 638 2260 egisse
660 2171 870 2238 Plutarchum
890 2171 1148 2238 inStesimbroti
1170 2174 1252 2237 libre
1278 2173 1466 2257 usurpando
1490 2172 1718 2259 intelligimns3
1741 2188 1817 2234 nam

180 2275 275 2342 quum
298 2258 412 2326 iacere
434 2279 498 2326 non
524 2268 641 2346 posset
665 2260 740 2344 quin
766 2256 977 2325 Stesimbroti
1002 2258 1038 2324 11
1058 2261 1208 2344 aequalis
1232 2259 1357 2325 illorum
1381 2262 1544 2345 virorum,
1568 2278 1703 2344 quorum
1727 2257 1818 2321 vitas

180 2351 254 2410 erat
276 2347 477 2430 scripturus,
505 2348 651 2415 inferret*
673 2346 867 2414 mentionem
892 2346 1029 2432 eiusque
1059 2352 1239 2412 commenta
1267 2353 1552 2434 commemoraret,
1580 2345 1679 2411 tidem
1706 2350 1817 2409 tumen

178 2438 353 2516 proestare
377 2436 502 2500 1111111
516 2435 571 2500 illi
595 2435 681 2501 nullo
705 2433 800 2498 modo
823 2432 936 2498 voluit

519 2639 634 2728 (inp.
657 2642 710 2710 V.
730 2643 806 2709 111
836 2636 1051 2711 (ilidemo
1076 2643 1126 2709 11
1147 2633 1475 2711 l‘lrnmodemo'.

338 2781 390 2848 lle
414 2781 561 2849 Clidemo
581 2790 615 2850 et
638 2774 909 2864 Phanodemo⁴³J
942 2794 1009 2846 uno
1033 2781 1140 2864 capite
1162 2781 1240 2847 licet
1269 2801 1389 2868 agere,
1418 2781 1515 2865 quod·
1535 2788 1588 2846 est
1618 2787 1757 2863 uterque
1785 2781 1819 2845 in

178 2885 312 2936 numero
336 2889 460 2954 corum,
484 2872 617 2954 quires
642 2869 791 2952 Atticae,
814 2859 977 2945 'Aeneade
1000 2859 1237 2953 ἀρχαιολογίας
1264 2869 1322 2934 vel
1343 2861 1515 2939 Ἀτθίδας
1547 2869 1820 2951 conscripserunt

125 2967 127 2970 ’
178 2963 212 3023 11
234 2956 530 3043 vulgo.Atthidnm
555 2959 739 3042 scriptores
763 2955 959 3020 vocitantur.
1002 2955 1133 3021 Etenim
1157 2962 1234 3040 post
1257 2955 1473 3042 Herodotum,
1497 2953 1722 3041 Thucydidem
1745 2954 1819 3019 Xe-

177 3043 457 3128 nophontemque,
490 3046 657 3130 principes
684 3043 760 3109 illos
788 3043 822 3106 in
851 3041 989 3107 historin
1019 3043 1260 3109 conscribenda
1289 3050 1388 3128 atque
1411 3043 1572 3126 artitices,
1603 3061 1699 3126 quum
1733 3041 1818 3106 artis

177 3131 364 3197 rhetoricae
388 3131 497 3195 studia
520 3131 553 3194 in
578 3129 798 3212 sophistarum
812 3126 948 3194 sebois
971 3129 1174 3213 frequentari
1198 3149 1239 3196 ac
1262 3130 1424 3198 celebrari
1448 3136 1566 3215 coepta
1589 3134 1723 3213 essent,
1752 3128 1817 3205 vjri

177 3219 240 3303 illi,
271 3219 326 3301 qni
354 3217 437 3280 artis
468 3218 654 3281 rhetoricae
677 3217 868 3300 praeceptis
891 3217 1002 3282 imbuti
1026 3223 1103 3282 tunc
1126 3236 1260 3302 operam
1285 3219 1454 3283 navabant
1477 3217 1636 3282 historiae
1666 3214 1818 3280 consoriss

177 3304 317 3390 hendne,
341 3303 591 3389 Theopompus,
620 3302 794 3388 Ephorus,
824 3303 896 3388 alii,
928 3303 970 3368 de
994 3311 1086 3372 recte
1109 3305 1176 3391 via,
1200 3324 1263 3389 qua
1285 3305 1489 3380 Thucididcr
1514 3323 1594 3389 prae
1610 3303 1741 3369 ceteris
1763 3303 1818 3368 in-

177 3397 331 3458 cesserat
350 3391 561 3457 considerate
584 3397 684 3472 atque
707 3394 909 3476 constanter,
934 3389 1140 3458 deflexerunt
1155 3411 1263 3476 neque
1282 3389 1817 3477 1111111111111111111111111

177 3478 364 3564 posthabito
389 3479 524 3562 saepius
548 3479 622 3543 veri
645 3476 872 3564 investigandi
897 3478 1004 3544 studio
1028 3500 1086 3546 res
1109 3485 1230 3567 gestas
1253 3480 1296 3545 od
1319 3481 1403 3545 ariis
1427 3479 1613 3545 rhetoricae
1638 3481 1817 3562 praecepte

177 3567 303 3654 magis,
334 3583 428 3650 quam
452 3565 494 3630 ad
518 3565 693 3631 veritatem
718 3562 965 3651 describerent,
989 3586 1148 3650 suumque
1171 3567 1302 3634 dicendi
1324 3585 1435 3654 genos
1455 3566 1613 3631 orationis
1641 3564 1815 3630 luminibus

176 3670 216 3718 ac
239 3653 417 3740 pigmentis
441 3659 652 3719 exornarent.
698 3649 770 3730 Quo
795 3657 942 3736 tenrpore
973 3653 1029 3720 illa
1052 3654 1211 3721 historiae
1234 3652 1432 3720 scribendae
1461 3654 1562 3739 ratio,
1586 3652 1668 3718 artis
1698 3650 1815 3716 rheto-

176 3740 268 3806 ricae
293 3739 466 3806 lenociniis
489 3740 612 3823 iuceta,
637 3739 855 3825 percrebruit,
879 3739 995 3806 eodem
1018 3740 1106 3805 alind
1131 3742 1258 3807 exstitit
1279 3760 1390 3831 genus
1412 3741 1657 3826 historicorum,
1680 3738 1733 3823 qui
1758 3757 1815 3803 re-

175 3828 309 3912 pudiato
338 3827 424 3901 omni
458 3827 617 3892 orationis
647 3831 764 3891 ornatu
800 3832 834 3892 11
863 3827 951 3893 11111
981 3829 1122 3913 1111111
1153 3831 1309 3918 neglecta
1339 3847 1380 3894 11
1408 3828 1648 3912 descriptione,
1679 3845 1742 3910 qua
1771 3823 1814 3889 nd

175 3916 335 3982 rationem
359 3920 579 3999 ettamquam
603 3920 708 3979 artem
731 3911 917 4001 dirigerent
939 3934 1023 4000 opus
1046 3922 1255 4002 susceptum,
1278 3936 1336 3982 res
1360 3915 1526 4001 Graecae,
1549 3913 1706 3997 imprimis
1730 3930 1813 3979 vero

176 4021 232 4069 res
257 4004 387 4068 Atticas
411 4004 453 4067 nb
477 4000 714 4085 antiquissimis
738 4000 816 4066 inde
838 4004 1041 4087 temporibus
1065 4022 1170 4090 usquc
1194 4004 1236 4068 ad
1260 4022 1354 4071 suam
1371 4009 1512 4072 aetatem
1537 3999 1755 4084 explorabant
1773 4017 1814 4066 nc

176 4091 421 4174 perquirebant
459 4088 600 4154 Assidui
622 4092 719 4153 erant
741 4105 782 4152 ac
804 4087 983 4178 diligentes
1007 4093 1040 4155 in
1064 4091 1185 4176 mythis
1209 4110 1292 4176 quos
1315 4095 1437 4159 vocant
1464 4105 1679 4176 magnacum
1703 4083 1813 4151 iudicii

333 4224 372 4288 ⁴¹)
394 4228 486 4277 Strabo
504 4227 540 4281 X.
558 4227 697 4280 uomslv,
717 4243 742 4289 1.
760 4223 821 4280 205.
841 4230 936 4279 Tzsch.
967 4231 1059 4281 Strabo
1073 4232 1237 4281 Stesimbroti
1253 4245 1346 4281 nomen
1364 4231 1466 4290 quidem
1484 4228 1613 4291 apposnit,
1631 4229 1680 4276 sed
1698 4225 1810 4292 neglexit
1853 4268 1856 4273 .

174 4302 269 4350 addere
286 4300 343 4349 libri
361 4298 563 4358 inscriptionem.
598 4298 1129 4367 Ρ11111111111111111111111111111.
1155 4297 1196 4350 15.
1214 4296 1256 4353 lb.
1278 4298 1310 4350 17
1328 4313 1344 4348 e
1362 4298 1491 4348 Muellero
1509 4297 1619 4345 collecta
1665 4293 1701 4356 ⁴²)
1719 4297 1805 4344 Lucas

174 4370 308 4427 (Versueh
333 4369 403 4417 einer
427 4365 628 4416 characteristik
657 4366 774 4416 Kimons.
796 4366 959 4434 llirsehberg
995 4364 1072 4431 1835)
1094 4369 1207 4419 libellum
1236 4372 1319 4419 luisse
1344 4371 1435 4418 censet
1458 4367 1592 4425 quemdam
1616 4377 1720 4430 eorum,
1744 4373 1810 4421 11111

172 4437 337 4503 Prancogelli
354 4440 451 4484 vocant
473 4437 639 4499 „chronique
657 4431 860 4500 scendaieuse“,
887 4441 914 4486 et
940 4438 1137 4488 Stesimbrotum
1161 4439 1277 4488 Cimonis
1301 4438 1375 4485 etiarn
1399 4436 1520 4485 laudibus
1537 4439 1710 4484 obtrectasse.
1724 4430 1813 4479 studet

174 4501 934 4559 (1111111111811111.111.01111.1.1.1.14.1.Ι11’,
973 4503 1008 4568 ⁴⁸)
1027 4505 1067 4556 01.
1092 4509 1208 4558 Vossius
1228 4509 1247 4558 1.
1270 4507 1288 4555 1.
1312 4521 1339 4568 1.
1363 4500 1416 4554 418
1438 4509 1465 4554 11
1486 4501 1547 4556 181.
1573 4531 1605 4541 -—
1646 4499 1811 4565 Phanodemi,

171 4573 309 4641 Damonis,
327 4574 462 4625 Glitodemi
480 4579 557 4633 atque
573 4575 637 4623 istri>
650 4567 787 4627 Ἀτθίδων
805 4577 832 4621 11
847 4575 1003 4637 reliquorum
1019 4577 1141 4626 librorum
1159 4579 1256 4640 fragm.
1276 4576 1318 4625 ed.
1329 4576 1438 4624 Leuant
1447 4574 1566 4624 Siebelis.
1577 4574 1650 4632 Lips.
1662 4565 1741 4631 laon,
1759 4580 1810 4628 quo

171 4644 236 4692 libro
252 4645 293 4695 uti
310 4657 361 4693 non
385 4643 468 4703 potui.
491 4670 527 4680 -
569 4643 600 4696 0.
624 4647 652 4691 11
672 4643 722 4692 Th.
745 4639 866 4693 1111111111
889 4646 942 4695 1.1.
964 4645 1028 4696 Tom
1050 4646 1073 4697 1.
1097 4660 1123 4707 1.
1147 4642 1397 4696 mxxxi-xci.
1422 4643 1538 4710 lragnrnr'.
1563 4655 1590 4702 p.
1603 4633 1767 4691 neb-³7⁰0
1780 4661 1818 4687 -.

171 4711 288 4762 Cranaen
305 4713 366 4762 hist.
384 4713 514 4764 11111111.
534 4711 581 4764 Gr.
599 4725 626 4773 1.
645 4705 697 4763 tob
715 4725 772 4771 seu.
791 4737 823 4748 -
1594 4742 1600 4751 -
