3982 5144
966 289 1007 352 ro
1265 272 1392 306 ·*

874 383 1086 397 m

171 502 358 589 sumpsisse
382 498 594 569 Plutarchum
617 498 647 561 si
670 497 855 579 statuimus,
876 514 898 560 a
921 514 1003 562 vero
1028 513 1094 561 nun
1116 495 1278 564 aberrare
1301 498 1398 562 nobis
1421 495 1583 581 videmur,
1608 499 1807 582 praesertim

170 609 269 676 quum
291 593 421 655 constet
443 587 476 651 in
500 583 677 652 narrandis
708 590 774 649 tum
804 585 947 651 ostentis
970 589 1036 648 tum
1059 583 1202 649 oraculis
1226 584 1485 650 curiosissimum
1509 582 1618 649 fuisse
1640 584 1809 670 Ephorum

171 684 206 751 et
227 677 426 744 assuevisse
461 694 557 758 quum
592 672 710 737 multos
744 672 928 756 scriptores
956 675 1023 735 tum
1060 670 1199 736 maxime
1228 670 1397 756 Ephorum
1426 673 1554 756 patriae
1585 672 1808 740 celebrandae

199 759 340 846 ratiost)
369 782 427 828 res
457 768 577 849 gestas
600 757 643 827 ad
667 778 740 826 eam
763 757 951 824 transferre
976 757 1131 824 veritatis
1155 777 1221 823 non
1242 758 1287 825 ita
1318 757 1498 846 diligenter
1527 761 1656 825 ratione
1685 758 1807 825 habita.

171 785 256 935 zap.
277 853 334 915 27.
357 848 557 916 Plutarchus
583 866 651 911 rem
675 845 867 911 diiudicavit
895 844 1027 910 maximi
1049 847 1218 932 momenti,
1246 845 1288 912 de
1312 864 1375 930 qua
1405 854 1439 912 et
1460 847 1546 913 inter
1568 848 1721 930 antiquos
1745 848 1808 913 iam

172 940 287 1005 variae
311 938 509 1004 exstiterunt
533 935 719 1001 sententiae
743 930 840 999 etad
864 937 1010 998 nostram
1035 933 1221 998 memoriam
1245 934 1309 999 viri
1337 932 1425 998 docti
1448 933 1534 998 alius
1563 933 1659 999 aliter
1688 935 1808 1000 existi-

160 1030 354 1106 maverunt.
404 1023 469 1088 Est
497 1023 582 1091 enim
599 1022 668 1086 -illa
699 1021 903 1108 gravissima
937 1020 1168 1119 controversia
1196 1019 1239 1086 de
1269 1028 1437 1107 tempore,
1468 1039 1530 1104 qua
1563 1020 1807 1087 Themistocles

173 1113 472 1265 alliserat
494 1107 1809 1282 llllftllgttfflallhttl'tlttt¹l⁰.lt.tl..¹⁸t¹.atthila.

171 1285 356 1370 Ephorum,
380 1283 535 1372 Dionem,
565 1280 781 1366 Clitarchum,
810 1279 1038 1365 Heraclidem,
1071 1282 1268 1363 posterioris
1299 1281 1525 1366 Thucydidem
1556 1288 1589 1349 et
1621 1279 1809 1348 Charonem

173 1379 207 1440 et
229 1391 269 1439 se
292 1370 495 1455 Thucydidis
520 1372 615 1455 sequi
638 1370 863 1436 auctoritatem
887 1369 942 1434 ait.
988 1368 1129 1450 Reliqua
1148 1375 1256 1433 autem
1282 1373 1405 1454 omnia,
1430 1389 1514 1453 quae
1539 1375 1652 1434 narrat
1675 1369 1809 1434 Plutar-

174 1459 256 1525 chus
271 1460 313 1526 de
327 1458 559 1525 Themistoclis
583 1457 742 1540 colloquio
767 1476 838 1521 cum
851 1456 1030 1522 Persarum
1053 1473 1136 1541 rege
1159 1455 1282 1540 habito,
1306 1456 1349 1522 de
1373 1456 1552 1522 honoribus
1577 1475 1617 1522 ac
1642 1457 1808 1543 praemiis,

175 1547 292 1631 quibus
315 1567 335 1612 a
361 1565 444 1632 rege
473 1549 613 1610 allectus
644 1546 688 1609 sit
710 1542 970 1626 Themistocles,
993 1541 1035 1607 de
1059 1543 1307 1609 necessitudine
1330 1563 1370 1608 ac
1393 1543 1631 1630 familiaritate,
1655 1546 1688 1608 in
1714 1562 1810 1626 quam

172 1634 304 1700 venerit
327 1652 397 1699 cum
424 1652 516 1720 rege,
541 1632 614 1716 plus
637 1632 744 1696 minus
767 1629 968 1696 dissentiunt
991 1629 1106 1712 abiis,
1130 1630 1443 1714 quaeThucydides
1460 1633 1637 1697 memoriae
1655 1629 1809 1717 prodidit,

173 1721 219 1786 ita
243 1727 278 1786 ut
298 1720 408 1787 facilis
432 1720 584 1798 videatur
608 1719 684 1783 mihi
707 1719 895 1783 coniectura
919 1717 961 1781 iis
990 1718 1030 1781 in*
1052 1717 1153 1782 rebus
1185 1719 1359 1801 primarios
1383 1724 1539 1784 auctores
1569 1719 1633 1784 sibi
1656 1719 1809 1805 elegisse

173 1812 238 1873 tum
261 1808 419 1879 Phaniam
443 1813 509 1872 tum
532 1806 715 1891 Ephorum,
739 1824 835 1891 quem
859 1804 900 1869 de
924 1803 977 1868 his
1001 1806 1100 1870 rebus
1124 1805 1241 1891 egisse
1266 1806 1321 1871 vel
1345 1825 1387 1871 ex
1411 1824 1451 1871 eo
1474 1807 1699 1894 intelligimus,
1723 1802 1811 1890 quud

172 1894 371 1965 Plutarchus
393 1913 511 1960 nomen
535 1895 607 1959 eiua
636 1895 738 1978 primo
771 1891 843 1956 loco
873 1894 969 1960 affert
996 1893 1083 1957 inter
1112 1911 1189 1977 eos,
1219 1893 1273 1976 qui
1304 1891 1558 1960 Themistoclem
1590 1893 1633 1958 ad
1663 1894 1810 1960 Xerxem

172 2001 289 2069 regern
313 1983 452 2048 venisse
475 1982 692 2066 scripserant.

688 2187 775 2254 ΙΙΙ.
799 2181 914 2272 cap.
959 2189 1034 2255 lle
1057 2183 1294 2258 Eharone.

332 2326 536 2394 Herodotum
560 2333 594 2393 et
626 2325 870 2413 Thucydidem,
898 2320 972 2392 illos
1003 2327 1203 2394 in'historia
1232 2327 1417 2412 principeS,
1449 2326 1615 2411 excipiant
1645 2344 1685 2392 eo
1716 2344 1814 2408 quem

175 2435 237 2481 sua
261 2415 378 2498 cuique
401 2422 497 2480 aetus
528 2416 599 2480 assi
634 2419 685 2497 at
712 2413 828 2480 ordine
868 2415 984 2498 reliqui
1013 2415 1197 2499 scriptores
1221 2433 1241 2478 a
1264 2413 1441 2480 Plutarcho
1466 2413 1726 2497 commemorati,
1757 2414 1814 2496 qui

174 2508 231 2570 aut
254 2502 327 2566 sola
350 2500 509 2569 historiae
533 2503 600 2568 scri
623 2501 731 2580 endac
760 2501 859 2569 laude
890 2519 930 2567 ac
957 2502 1064 2589 gloria
1088 2501 1284 2579 floruerunt,
1306 2507 1363 2566 aut
1385 2501 1449 2566 alio
1481 2499 1651 2566 doctrinae
1682 2518 1813 2586 genere

173 2588 419 2675 praecellentes
442 2589 536 2655 libris
561 2607 699 2673 qnoque,
724 2590 777 2673 qui
794 2588 836 2653 ad
850 2589 1008 2654 historiae
1025 2589 1231 2673 disciplinam
1255 2589 1469 2674 pertinerent,
1493 2587 1681 2654 scribendis
1697 2591 1814 2661 'nava-

142 2671 144 2682 '
175 2681 297 2744 verunt
320 2693 464 2760 operam.
490 2675 631 2741 Primum
654 2675 688 2739 in
711 2676 753 2739 iis
777 2682 912 2761 propter
924 2683 1066 2742 aetutem
1076 2675 1181 2740 locum
1204 2677 1330 2743 obtinet
1354 2674 1488 2742 Charon
1501 2666 1813 2759 Lampsacenus¹⁰J

177 2782 271 2849 quern
295 2761 493 2828 Plutarchus
516 2764 550 2827 in
574 2763 633 2825 vit.
653 2761 771 2839 Them.
797 2767 891 2828 ow.
917 2782 980 2828 una
1002 2781 1073 2827 cum
1096 2760 1291 2849 Thucydide
1315 2767 1414 2829 ahert
1435 2768 1602 2828 auctorem
1626 2761 1812 2829 sentcntiae

157 2852 281 2937 illius,
310 2870 405 2935 quam
435 2852 510 2934 ipse
534 2850 668 2934 prohat,
704 2848 957 2920 Themistoclem
988 2849 1103 2916 Xerxe
1132 2855 1258 2915 mortuo
1288 2849 1330 2914 ad
1358 2849 1456 2915 filium
1486 2851 1558 2916 eius
1589 2850 1813 2925 Artaxerxem

175 2936 381 3025 profugisse.
422 2938 533 3020 Atque
556 2934 743 3001 Charonem
768 2939 887 3022 quippe
911 2938 965 3021 qui
987 2937 1136 3020 aequalis
1158 2937 1258 3003 fuerit
1281 2936 1505 3013 Themistocli,
1530 2930 1814 3003 huic'sententiae

176 3044 243 3091 non
265 3025 373 3088 minus
395 3024 533 3109 ιοιιιιιι,
558 3041 652 3106 quam
675 3021 902 3106 Thucydidem
926 3025 1065 3090 numinis
1096 3025 1364 3090 auctoritate'ac
1393 3024 1541 3109 pondere
1571 3023 1669 3090 fidem
1698 3023 1814 3090 facere

176 3131 270 3180 nemo
295 3129 360 3176 non
383 3109 485 3175 videt.
532 3115 569 3173 ln
594 3109 672 3174 vitis
695 3109 880 3198 Plutarchi,
904 3129 987 3195 quae
1010 3110 1139 3195 quidem
1164 3112 1258 3177 nobis
1282 3121 1504 3178 conservatae
1527 3120 1624 3195 sant,
1647 3109 1814 3177 Charonis

175 3217 294 3264 nornen
318 3213 476 3277 nusquam
506 3197 570 3261 nisi
599 3215 639 3261 eo
662 3196 735 3262 locu
759 3217 853 3282 quem
882 3195 1205 3267 commemoravimus
1223 3198 1357 3286 legitur,
1382 3206 1417 3266 et
1439 3201 1468 3264 ιι
1493 3199 1704 3284 reputaveris
1716 3197 1813 3264 huius

177 3285 352 3368 scriptoris
374 3282 530 3348 librorum
554 3282 771 3350 conditionem
801 3304 841 3350 ac
866 3293 1025 3372 naturam,
1050 3287 1156 3370 qualis
1180 3286 1289 3352 fuisse
1313 3286 1481 3370 videatur,
1506 3290 1660 3370 quantum
1684 3284 1816 3369 quidem

176 3378 242 3437 tum
266 3389 309 3436 ex
332 3368 529 3458 fragmentis
552 3377 618 3436 tum
642 3390 684 3437 ex
708 3371 1004 3458 iudiciossionysii
1034 3373 1350 3439 Halicarnassensis
1380 3370 1501 3461 [epist.
1533 3372 1575 3440 ad
1615 3370 1676 3438 Cn.
1700 3373 1814 3457 Pomp.

177 3457 219 3523 de
237 3475 354 3542 praec.
375 3456 452 3521 hist.
477 3478 509 3542 p.
531 3459 608 3522 769.
631 3455 783 3544 Reiske)
813 3460 976 3527 conticere
1005 3459 1099 3545 licet,
1132 3460 1273 3526 ieiunam
1300 3462 1387 3526 illam
1410 3466 1444 3526 et
1466 3460 1648 3527 fabularum
1673 3462 1813 3546 plenam,

176 3543 388 3608 Plutarchum
411 3543 497 3610 haud
521 3545 637 3631 multa,
670 3547 788 3630 quibus
817 3547 850 3610 in
877 3547 1022 3612 virorum
1051 3546 1223 3613 illustrium
1255 3549 1398 3613 moribus
1428 3567 1469 3613 ac
1496 3549 1673 3613 virtutibus
1696 3546 1814 3612 adum-

176 3628 314 3706 brandis
340 3636 498 3716 uteretur,
521 3631 555 3696 in
579 3633 620 3696 iis
643 3634 837 3718 repperisse
862 3633 1043 3699 verisimile
1067 3640 1131 3699 est.
1168 3635 1403 3721 Fragmentum
1424 3636 1558 3724 longius
1582 3655 1624 3702 ex
1648 3632 1814 3700 Charonis

175 3716 259 3782 libro
284 3722 361 3799 περι
384 3711 587 3802 Λαμψάκου
611 3718 816 3805 desumptum
840 3723 993 3788 servavit
1012 3719 1212 3788 Plutarchus
1236 3720 1377 3808 (Moral.
1392 3743 1424 3807 p.
1438 3727 1504 3787 255
1528 3720 1651 3787 A-E
1674 3722 1717 3788 de
1741 3721 1816 3785 vir-

177 3808 235 3869 tut.
266 3798 437 3887 mulier.)‚
464 3824 531 3888 quo
561 3808 739 3873 memoriae
768 3809 929 3894 proditum
960 3813 1014 3875 cst
1041 3809 1260 3895 Lampsacum
1289 3810 1403 3876 urbem
1432 3811 1610 3895 antiquitus
1640 3809 1813 3892 Pityusam

177 3891 375 3957 nominatam
397 3890 441 3956 ad
463 3891 621 3958 honorem
644 3893 850 3980 Lampsacus
879 3893 1024 3964 mulieris
1054 3895 1224 3962 cuiusdam
1247 3894 1289 3960 de
1312 3897 1609 3982 Pityoessensibus
1634 3897 1719 3962 bene
1741 3916 1814 3963 me-

177 3976 261 4043 ritae
284 3997 403 4045 nomen
427 3985 657 4045 commutasse.
702 3979 852 4047 lnlibra
881 3982 924 4050 de
952 3983 1157 4070 malignitate
1185 3981 1348 4049 Herodoti
1379 3985 1429 4049 his
1462 3981 1516 4072 [p.
1545 3984 1612 4047 859
1642 3985 1685 4048 A.
1719 3990 1754 4050 et
1784 4004 1815 4069 p.

175 4063 253 4128 aaa.
266 4059 328 4149 C.)
352 4067 471 4130 citatur
489 4061 624 4132 Charon
640 4066 891 4154 Lampsacenus
909 4089 949 4135 eo
968 4070 1116 4156 consilio,
1135 4075 1170 4135 ιιι
1191 4069 1275 4135 mala
1293 4071 1378 4138 fides
1395 4069 1559 4137 Herodoti
1574 4074 1814 4157 comprobetur.

203 4333 210 4351 ‚
337 4266 374 4327 ιι)
394 4272 487 4320 strabo
509 4274 554 4322 lib.
577 4275 652 4327 Vlll.
679 4278 751 4328 Tom.
770 4277 804 4329 V.
829 4292 854 4336 p.
881 4273 934 4326 453
959 4279 1057 4326 Tasch:
1080 4276 1241 4332 Σκώπιεται
1265 4275 1292 4329 δὲ
1311 4286 1354 4343 ιιᾳι
1373 4274 1389 4329 ὁ
1401 4274 1521 4344 ’Ἔφοροι
1538 4275 1609 4332 διότι
1625 4277 1671 4347 τῆς
1689 4273 1815 4342 πατρίδος

178 4357 225 4390 ουκ
243 4339 308 4420 ι’χιιιν
325 4337 387 4406 ἔργα
406 4336 516 4406 φράζειν
533 4341 563 4394 ἐν
573 4339 783 4411 τῇδιαριθμήοει
795 4343 849 4396 τῶν
865 4342 952 4397 ἄλλων
968 4345 1099 4414 πράξεων,
1119 4343 1152 4400 oo'
1168 4347 1223 4413 μήν
1240 4343 1296 4400 ou'd'
1312 4344 1345 4397 dv
1363 4341 1559 4412 α’μνημόνιιιιν
1577 4347 1659 4416 αὐτήν
1675 4346 1741 4400 εἶναι
1758 4348 1810 4399 θέ-

179 4405 239 4470 λων,
258 4424 340 4459 ουτως
358 4407 497 4473 ἕπιφοινιῖ·
521 4413 601 4464 Karai
627 4410 655 4464 da*
672 4414 720 4466 τόν
743 4411 826 4467 αἰτόν
847 4413 940 4480 καιρόν
966 4419 1087 4481 Κυμαῖοι
1111 4417 1157 4470 τοις
1181 4416 1286 4482 ἡσυχίας
1307 4411 1383 4485 ἦγον.
1424 4419 1503 4478 apuu
1520 4420 1684 4468 Plutarchum
1709 4418 1741 4466 de
1760 4419 1815 4465 vit!

179 4481 206 4526 et
222 4479 297 4536 poesi
319 4478 423 4526 Homeri
448 4493 470 4528 ο.
490 4473 516 4529 T.
536 4482 658 4541 Ephorus
676 4485 702 4531 id
720 4485 783 4550 agit,
800 4489 830 4533 ut
846 4484 984 4533 Homerum
1003 4484 1145 4536 Cumanum
1161 4488 1245 4536 fuisse
1263 4488 1431 4538 demonstret.
1585 4492 1588 4497 '

339 4543 376 4604 ¹⁶)
395 4545 436 4597 Cf.
454 4549 567 4598 Vossius
586 4551 618 4598 de
636 4551 697 4601 hiat.
716 4551 811 4604 Graec.
830 4554 872 4604 ed.
890 4553 1075 4603 Westermann
1098 4571 1125 4616 p.
1153 4551 1197 4606 Pl).
1224 4581 1253 4594 -
1294 4556 1450 4620 Fragmenta
1471 4557 1534 4606 hist.
1553 4553 1648 4606 Graec.
1669 4555 1710 4604 ed.
1731 4554 1762 4605 C.
1787 4558 1814 4602 et

182 4612 357 4662 'l'hllluellori
375 4619 426 4662 tom
454 4617 466 4664 l
484 4630 510 4677 p.
530 4617 599 4667 xv1
618 4631 681 4685 seqq
699 4621 814 4686 fragrant.
832 4636 860 4683 p.
878 4617 1043 4674 32-35.-
1062 4622 1177 4673 Cranaen
1194 4625 1351 4673 historiscbe
1367 4625 1454 4672 Eunst
1471 4626 1517 4674 der
1535 4620 1673 4672 Griachen.
1694 4617 1722 4676 T·
1740 4624 1813 4674 Aac.

182 4692 208 4739 p,
227 4673 287 4759 286.
306 4682 449 4732 lleerenius
468 4685 500 4732 do
518 4685 582 4734 font.
602 4691 630 4735 at
646 4693 717 4741 auct.
752 4689 821 4739 Plut.
840 4689 967 4740 Charonis
985 4703 1019 4740 na
1035 4693 1189 4740 mentionem
1207 4694 1310 4752 quidem
1328 4693 1399 4744 lecit.
