3982 5144
171 511 240 576 huc
257 509 292 572 in
307 523 354 570 ‘re
369 502 521 567 'aliorum
536 482 732 586 scriptorum
756 501 952 576 anctoritate
974 500 1216 586 comprobatur,
1300 503 1437 587 scripsit
1454 503 1662 597 Phylarchus
1686 507 1816 575 duodeis
1896 514 1898 519 ·

172 583 388 686 uiginta¹·¹)
410 589 621 653 historiarum
645 588 765 673 libras,
790 589 909 671 quibus
928 588 973 652 ab
995 584 1209 671 expeditione
1221 518 1344 673 {mhi
1367 592 1408 655 in.
1424 590 1689 676 Peloponnesum
1714 615 1816 662 axor.

174 700 246 750 sns-
259 679 482 750 narrationem
505 695 615 742 rerum
637 682 810 763 gestarum
831 673 875 739 vnd
900 693 992 740 suam
1015 673 1089 740 lere
1112 681 1255 765 aetatem
1274 675 1419 753 deduxit.
1466 675 1562 759 Quod
1591 699 1675 764 opus
1705 685 1816 768 respi-

174 772 268 838 ciens
297 765 458 834 aramme
487 764 531 828 de
558 761 748 848 Phylarcho
768 763 897 847 quippe
925 762 968 828 de
996 781 1113 854 rerum¹
1136 762 1303 848 scriptore
1330 775 1396 829 non
1425 774 1490 831 turn
1520 768 1690 855 veritatis,
1719 790 1815 853 quam

173 856 361 924 metationis
391 870 433 917 aa
468 849 770 938 magniloquentiae
805 847 1050 943 studiosissimo
1074 850 1256 914 ·iudioavit·.-·
1272 851 1434 935 Polybius
1462 850 1507 941 (l,
1535 854 1580 920 ΙΙ,
1609 852 1686 942 56).
1743 857 1815 925 sed

86 1018 88 1023 ¹
173 938 858 1108 ttmfttlt‘zllffltttl‘tlllt
877 938 1653 1113 ,till‘tilylbthttbnicillialid
1670 946 1815 1116 llil?

45 1184 48 1193 ,
162 1118 226 1185 ‘chi
250 1114 533 1185 etauctoritatem
557 1112 644 1195 apud
668 1113 825 1200 legentes
849 1112 1017 1194 elevaret,
1048 1116 1089 1178 ea
1118 1131 1257 1197 pompae
1285 1115 1462 1180 verborum
1495 1123 1596 1200 atque
1627 1119 1814 1185 iactationis

172 1214 208 1273 et
226 1205 367 1291 partium
391 1200 493 1266 studii
516 1197 712 1265 documenta
736 1199 875 1284 quidem*
889 1207 984 1286 sunt,
1008 1199 1070 1279 sed
1093 1202 1285 1266 tamcn'res
1307 1202 1402 1286 ipsas
1426 1223 1501 1268 eum
1523 1206 1711 1270 ementitum
1732 1225 1813 1272 esse

125 1312 131 1320 “
172 1294 326 1377 lectaque
349 1289 501 1371 linxisse,
515 1285 612 1371 ‘qnae
634 1303 700 1352 non
723 1293 843 1354 essent
865 1287 964 1372 faeta,
988 1284 1075 1369 quae
1095 1294 1203 1352 autern
1226 1287 1315 1354 iacta
1329 1287 1472 1376 essem,
1497 1289 1572 1355 dolo
1596 1293 1680 1356 malo
1710 1293 1815 1358 diasi-

172 1383 331 1462 mulasse,
355 1374 387 1438 id
413 1374 573 1459 Polybius
597 1374 654 1459 viu-
678 1375 842 1460 probasse
862 1374 1030 1460 ‘putandus
1053 1379 1116 1461 est.
1141 1374 1319 1439 Plutarcho
1343 1395 1471 1461 qnoque
1486 1377 1695 1462 Phylarchus
1719 1381 1813 1446 visus

173 1475 227 1535 est
249 1471 364 1531 auctor
387 1469 566 1546 suspectae
590 1462 646 1527 vel
669 1463 753 1528 adeo
778 1461 883 1527 malae
907 1460 999 1546 fidei,
1028 1479 1091 1544 quo
1121 1463 1185 1527 etsi
1213 1462 1245 1524 in
1275 1463 1349 1526 aliis
1373 1465 1452 1529 vitis
1483 1466 1608 1550 passim
1637 1473 1691 1531 cst
1719 1486 1813 1551 usus,

123 1604 124 1608 η
172 1563 206 1622 et
229 1557 262 1619 in
285 1552 364 1617 vitis
383 1548 509 1636 Agidis
533 1556 566 1616 et
579 1545 777 1617 ,Cleomenis
801 1549 939 1635 plurima
968 1567 1011 1614 ex
1039 1547 1227 1632 Phylarcho
1256 1548 1488 1635 desumpsisse
1518 1552 1666 1636 videtur,
1703 1562 1813 1620 tamen

172 1661 269 1707 omne
291 1657 401 1726 genus
427 1638 588 1702 cautionis
612 1637 759 1702 adhibuit
781 1638 816 1700 in
839 1637 954 1702 verbis
972 1634 1191 1719 Phylareheis
1207 1645 1241 1700 et
1263 1656 1359 1721 quum
1376 1639 1451 1703 alibi
1471 1649 1537 1703 tum
1561 1641 1593 1704 in
1613 1640 1681 1704 vita
1698 1639 1812 1706 Them.

78 1740 83 1743 ’
172 1731 267 1795 ebt.
294 1744 488 1808 perversum
512 1727 585 1790 eius
609 1724 750 1790 studium
771 1725 884 1788 inflato
908 1721 1065 1789 narrandi
1087 1742 1217 1811 genere
1241 1725 1496 1810 inserendisque
1512 1727 1631 1791 fabulis
1655 1728 1812 1794 lectorum

171 1816 299 1880 animos
322 1814 377 1878 vel
403 1811 627 1876 commovendi
652 1813 706 1878 vel
732 1810 875 1876 leniendi
899 1812 1026 1876 notavit
1049 1828 1088 1875 ac
1112 1812 1323 1897 vituperavit.
1370 1813 1479 1897 Atque
1509 1813 1656 1895 proiecto
1685 1815 1830 1878 absona

172 1900 304 1966 videtur
327 1908 427 1982 atque
450 1899 595 1964 absurda
618 1900 725 1964 luisse
754 1899 828 1962 libri
852 1898 939 1963 illius
968 1899 1158 1982 compositio
1187 1916 1226 1961 ae
1256 1897 1447 1982 descriptio.
1499 1899 1630 1966 Etenim
1660 1902 1690 1964 si
1718 1901 1812 1965 locos
1857 1954 1863 1959 .

173 1987 370 2071 complures,
382 1986 435 2070 qui
452 1986 538 2070 apud
559 1985 776 2069 Athenaeum,
789 1983 936 2071 Suidam,
957 1986 1041 2050 alios
1056 1992 1202 2069 exstant,
1226 1987 1416 2073 perlegeris
1434 1995 1467 2052 et
1481 1987 1666 2074 argumenti
1684 1988 1812 2054 ratione

171 2075 284 2159 habita
308 2072 486 2161 diligenter
510 2071 745 2156 perpenderis,
774 2079 838 2136 tam
867 2071 1092 2139 incredibilem
1122 2091 1229 2136 rerum
1259 2071 1463 2158 farraginem
1495 2074 1644 2157 videbis,
1675 2080 1711 2137 ut
1740 2074 1811 2140 iure

172 2180 315 2246 quaeras
340 2177 479 2244 quonum
499 2158 594 2223 modo
619 2165 760 2223 restam
790 2159 973 2223 disiunctae
997 2167 1136 2241 tamque·
1150 2156 1309 2225 diversae
1338 2160 1371 2224 in
1394 2181 1457 2226 uno
1481 2160 1664 2245 eodemque
1687 2161 1811 2244 scripto

173 2249 328 2334 coniungi
352 2247 517 2330 potuerint
545 2252 643 2330 atque
676 2245 832 2330 copulari.
879 2242 983 2325 Quam
1012 2247 1052 2310 ob
1081 2265 1236 2311 caussam
1265 2266 1330 2311 non
1358 2253 1413 2313 est
1441 2248 1525 2333 quod
1565 2248 1696 2314 mireris
1725 2249 1813 2311 scri-

170 2341 296 2420 ptorem
331 2335 432 2418 longe
470 2334 620 2417 lateque·
639 2334 879 2415 exspatiantem
921 2331 1152 2397 Themistoclis
1190 2351 1318 2418 quoque
1357 2337 1508 2417 quamvis
1550 2341 1660 2400 aetate
1701 2350 1813 2401 remo-

171 2421 285 2570 tiorisf
306 2421 347 2485 ab
377 2420 419 2483 iis
453 2422 671 2505 temporibus,
708 2438 792 2503 quae
828 2418 1050 2486 describenda
1084 2420 1148 2485 sibi
1182 2427 1372 2506 sumpserat
1408 2421 1636 2511 Phylarchus,
1673 2421 1813 2487 mentio-

171 2526 245 2573 nem
282 2526 405 2573 ecrsse.
1400 2546 1402 2551 ,

329 2975 450 3041 Restat
472 2975 625 3061 denique,
649 2981 684 3040 ut
706 2976 901 3042 mentionem
925 2975 1043 3040 saltem
1065 2975 1225 3042 iaciamus
1249 2974 1460 3061 Acestodori,
1484 2993 1579 3059 quem
1603 2993 1705 3059 supra
1727 2976 1813 3040 inter

66 3051 71 3062 ‘
171 3063 349 3128 historicos
374 3065 545 3147 postremo
564 3062 804 3129 nominavimus
828 3062 911 3127 loco.
935 3062 970 3126 ls
994 3063 1079 3129 enirn
1104 3069 1158 3130 est
1181 3065 1324 3147 scriptor
1347 3081 1486 3148 prorsus
1510 3063 1657 3128 incertae
1680 3061 1812 3126 aetatis.

170 3149 255 3215 Ilum
279 3169 359 3216 esse
383 3150 522 3216 eundem
547 3171 617 3215 cum
640 3150 854 3237 Acesodoro,
879 3152 971 3215 cuins
995 3152 1152 3235 scriptum
1176 3155 1254 3231 περὶ
1277 3144 1411 3215 πόλεων
1434 3170 1454 3216 a
1478 3148 1649 3233 Stephano
1674 3147 1812 3231 Byzan·
1891 3218 1895 3225 .

171 3238 239 3302 tino
262 3239 415 3324 affertur,
437 3240 628 3324 suspicatus
652 3244 707 3304 est
729 3238 853 3304 Vossio
882 3235 966 3303 duce
995 3230 1273 3322 Heerenius¹⁶³).
1327 3239 1372 3302 At
1402 3256 1509 3320 neque
1540 3243 1594 3300 est
1624 3233 1810 3319 quidquam,

172 3344 235 3410 quo
260 3325 416 3410 probetur
439 3344 548 3409 neque
571 3344 634 3409 quo
664 3327 866 3411 improbetur
893 3325 959 3390 ista
988 3325 1108 3409 opinio.
1159 3324 1357 3389 Plutarchus
1383 3344 1450 3389 ¹uno
1484 3329 1605 3387 tantum
1635 3323 1725 3405 locri,
1757 3321 1812 3404 qui

76 3459 83 3471 =
171 3418 227 3480 est
248 3414 282 3477 in
307 3413 377 3477 vita
403 3412 635 3480 Themistoclis
666 3433 693 3479 c.
726 3417 778 3499 13,
807 3411 1049 3480 Acestodorum
1080 3410 1207 3496 profert
1234 3416 1370 3498 testem,
1402 3409 1642 3476 Acestodorum
1672 3406 1811 3474 tradens

171 3500 269 3568 aliter
291 3505 390 3584 atque
413 3499 657 3568 Phanodemum
680 3501 879 3587 scripsisset
903 3499 1049 3569 Xerxem
1072 3499 1105 3562 in
1121 3495 1440 3584 finibnsMegaridis
1464 3514 1566 3580 supra
1589 3496 1704 3582 colles,
1728 3513 1811 3578 quos

172 3587 315 3674 Kiparo
338 3589 513 3676 vocabant,
532 3591 566 3653 in
590 3589 674 3656 solio
698 3588 871 3656 sedentem
894 3594 1071 3674 spectasse
1094 3604 1238 3673 pugnum
1262 3581 1486 3650 Salaminiam.

808 3871 1177 3885 ff

333 4089 460 4172 Quodsi
490 4113 576 4160 nunc
604 4113 664 4178 ea,
700 4111 785 4178 quae
814 4091 856 4160 de
886 4091 1029 4179 singulis
1058 4109 1168 4156 rerum
1198 4087 1415 4173 scriptoribus
1451 4081 1710 4168 disputavimus,
1747 4099 1811 4146 una
1890 4061 1892 4063 ¹

172 4178 414 4264 complectimur
426 4182 732 4268 comprehensione,
751 4179 956 4262 Herodotus,
972 4175 1203 4264 Thucydides,
1226 4174 1383 4261 Ephorus
1399 4176 1433 4237 et
1450 4169 1598 4235 Phanias
1622 4170 1645 4233 ii
1668 4166 1811 4234 habendi
1934 4258 1936 4262 ι

172 4265 331 4333 videntur
353 4269 553 4358 scriptores,
578 4289 661 4356 quos
685 4269 889 4356 potissimum
914 4271 1049 4333 secutus
1074 4265 1119 4330 sit
1146 4260 1344 4329 Plutarchus
1372 4277 1468 4344 quum
1491 4257 1526 4321 in
1553 4256 1697 4344 singulis
1720 4255 1810 4321 vitae

337 4509 382 4574 ιθ’)
400 4511 583 4575 Fragmentum
602 4514 661 4561 libri
679 4511 887 4560 duodetricesimi
907 4515 991 4560 exstat
1008 4511 1077 4570 apud
1094 4509 1190 4557 Athen.
1208 4507 1250 4556 lib.
1268 4505 1310 4556 Vl.
1331 4517 1358 4563 p.
1375 4498 1435 4552 251.
1454 4500 1485 4553 C.
1504 4502 1546 4554 ed.
1565 4499 1640 4552 Gom.

332 4595 380 4661 ¹⁸³)
397 4597 511 4653 V⁰³tl¹1⁸
528 4598 547 4648 L
566 4599 584 4649 l.
605 4613 631 4658 p.
650 4591 711 4650 376.
729 4599 840 4649 llecren.
858 4599 876 4646 l.
894 4599 912 4647 Ι.
930 4611 958 4659 p.
976 4591 1020 4647 38.
