3982 5144
169 462 289 542 ptores
315 452 493 539 professus
526 458 597 538 est,
628 450 763 518 videtur
784 449 892 517 inisse
916 449 1095 517 Diodorus.
1145 451 1220 517 lloc
1247 458 1355 518 ante·
1383 451 1524 520 fere'dt
1552 452 1759 538 temporibus
1787 453 1825 517 aa

157 543 321 609 'deterius
344 540 548 622 lahentihus,
578 546 613 605 ut
642 538 792 604 homines
815 536 966 604 destituti
999 539 1134 626 ingenio
1163 557 1204 604 ac
1233 541 1267 603 vi
1295 538 1350 605 illa
1380 539 1510 625 divina,
1537 558 1603 623 qna
1631 551 1758 605 summa
1788 547 1827 607 et

171 629 322 715 perlecta
357 627 473 691 artium
503 644 606 711 opera
636 631 868 712 procreantur,
898 644 994 692 omne
1032 624 1175 692 studium
1216 637 1251 694 et
1290 634 1419 712 tempus
1460 626 1624 692 collocent
1657 627 1691 691 iu
1723 627 1827 693 oolli-

174 715 299 806 gendis
322 713 596 801 explicandisque
618 715 672 795 iia,
696 730 782 795 qnae
812 714 845 777 in
875 715 949 797 ipso
979 714 1060 777 dore
1088 715 1204 800 genita
1233 719 1311 779 sunt
1340 732 1381 779 ac
1412 720 1596 800 procreata.
1644 712 1826 799 Tempori-

174 806 235 871 bus
272 803 358 869 enim
395 800 536 886 Philippi
575 806 609 867 et
646 799 832 866 Alexandri
864 799 1083 865 Macedonum
1114 808 1286 886 postquam
1320 808 1456 886 propter
1489 801 1645 866 amissam
1680 800 1825 869 liberta·-

173 897 238 957 tem
271 894 413 956 exustus
442 895 496 954 est
534 889 729 970 exemitque
761 907 822 971 per
852 887 1026 953 Graeciam
1054 887 1116 951 llos
1146 889 1200 955 ille
1233 887 1470 974 pulcherrimus
1501 888 1758 954 clarissimorum
1789 895 1826 957 ct

173 987 343 1064 poetarum
368 983 402 1041 et
426 975 673 1061 historicorum,
697 974 934 1042 efflorescebat
958 974 1045 1058 apud
1069 975 1299 1043 Athenienses
1324 975 1394 1063 illa,
1419 995 1514 1060 quam
1540 977 1744 1061 peripatetici
1767 977 1826 1041 iu-

176 1064 392 1139 choaverant‚
416 1063 641 1145 antiquitatum
665 1060 840 1145 disciplina
865 1081 906 1127 ex
931 1062 1049 1127 sedula
1073 1063 1277 1150 singulorum
1301 1064 1445 1128 locorum
1468 1064 1717 1148 inspectioneet
1740 1083 1826 1150 per·

176 1152 376 1217 tractatione
400 1148 678 1234 explicandarum.
703 1148 858 1214 Athenae
881 1149 979 1233 enim,
1002 1150 1123 1233 quippe
1144 1153 1370 1235 qualicumque
1392 1159 1669 1217 monumentorum
1682 1151 1825 1236 suppel-

175 1239 284 1306 lectile
309 1236 570 1321 refertissimae,
595 1238 637 1300 ah
660 1237 703 1301 iis
727 1237 866 1301 maxime
889 1241 966 1300 tunc
988 1237 1218 1319 frequentatae
1242 1244 1335 1324 sunt,
1360 1238 1414 1320 qui
1438 1240 1683 1327 periegetarum
1708 1238 1825 1304 studia

175 1327 343 1412 colerent,
379 1326 412 1388 in
449 1329 728 1389 monumentorum
763 1324 954 1410 cognitione
988 1325 1114 1409 posita,
1132 1333 1230 1408 atque
1258 1325 1301 1390 ab
1331 1324 1592 1391 Atheniensibus
1622 1327 1758 1409 primum
1788 1331 1825 1391 ut

174 1413 324 1496 videtur,
357 1412 398 1476 ad
429 1419 555 1481 certam
584 1414 689 1476 artem
722 1418 756 1476 et
785 1411 943 1476 rationem
974 1418 1142 1476 revocata.
1200 1412 1253 1479 lie
1281 1418 1392 1478 aetate
1419 1411 1557 1477 [diodori
1588 1412 1669 1479 certi
1697 1412 1823 1496 aliquid

175 1500 337 1589 colligere
360 1499 438 1564 licet
461 1516 504 1562 ex
527 1497 693 1564 Athenaei
717 1498 789 1562 loco
821 1493 900 1584 (lib.
923 1497 1020 1564 Xlll.
1045 1520 1074 1581 p.
1099 1502 1161 1563 591
1192 1494 1269 1586 m),
1299 1498 1387 1566 unde
1415 1500 1598 1586 scripsisse
1627 1519 1700 1566 enm
1729 1507 1823 1585 patet

174 1596 251 1672 post
275 1585 482 1650 Anaximinis
506 1586 651 1649 oratoria
674 1594 815 1651 aetatem
841 1584 869 1649 h.
893 1604 923 1651 c.
948 1590 1025 1670 post
1047 1586 1272 1652 Alexandrum
1296 1588 1466 1676 Magnum.
1488 1586 1541 1655 lle
1564 1590 1672 1672 patria
1688 1605 1822 1671 quoque

173 1671 313 1738 Diodori
337 1671 416 1737 nihil
439 1677 586 1737 constat:
610 1670 673 1738 sed
697 1693 769 1739 enm
795 1673 849 1739 vel
873 1674 1006 1738 natione
1035 1674 1089 1738 vel
1122 1675 1256 1740 civitate
1287 1674 1528 1741 Atheniensem
1557 1674 1665 1740 fuisse
1693 1675 1823 1743 verisi-

173 1760 249 1825 mile
272 1767 336 1825 est.
383 1757 486 1825 Cuius
517 1761 566 1824 rei
597 1766 689 1825 certe
720 1759 783 1824 hoc
818 1779 900 1825 esse
934 1760 1067 1826 videtur
1098 1761 1341 1846 documentum,
1378 1761 1465 1844 quod
1502 1761 1641 1827 Diodori
1676 1761 1822 1828 studium

178 1848 322 1912 locorum
345 1846 657 1932 perscrutandornm
682 1845 1040 1932 describendorumque
1069 1857 1346 1916 monumentorum
1370 1850 1501 1915 Atticae
1524 1850 1644 1914 linibus
1668 1849 1823 1915 coutine-

173 1941 237 2000 tur.
284 1933 430 2018 Scripsit
452 1940 561 2000 autem
584 1935 700 1999 librum
724 1937 803 2015 crept
830 1926 1033 2016 pecudem,
1066 1938 1163 2019 quem
1194 1936 1392 2003 Plutarchus
1421 1937 1455 2000 in
1485 1939 1555 2001 vita
1583 1935 1823 2003 Themistoclis

174 2041 203 2086 c.
232 2024 286 2086 dt.
318 2015 503 2107 affert¹⁴⁸).
550 2022 734 2088 Praeterea
764 2021 934 2086 maximam
963 2041 1098 2106 operam
1128 2023 1233 2088 demis
1259 2024 1397 2089 Atticae
1419 2031 1574 2091 accurate
1598 2021 1826 2091 recensendis·

176 2126 354 2194 eornmque
377 2111 558 2198 gentilibus
582 2107 624 2174 ad
649 2115 760 2175 certas
783 2111 1018 2196 grammaticae
1041 2111 1140 2197 leges
1164 2111 1365 2176 revocandis
1388 2110 1546 2195 impendit
1577 2113 1610 2174 in
1633 2111 1734 2196 libro,
1758 2108 1824 2194 qui

176 2195 254 2279 περὶ
277 2188 391 2278 δήμων
421 2195 732 2280 inscriptusluisse
756 2192 975 2283 videtur140).
1020 2194 1115 2276 Quae
1139 2204 1274 2262 exstant
1300 2197 1489 2283 fragmenta
1512 2200 1545 2261 in
1575 2200 1633 2262 vit.
1664 2197 1766 2264 Thes.
1792 2216 1823 2263 c.

174 2287 229 2350 36.
254 2291 288 2350 et
311 2282 392 2349 Cim.
419 2302 447 2347 c.
474 2286 524 2370 tc,
550 2289 653 2348 utrum
677 2303 718 2349 ea
745 2302 788 2349 ex
817 2283 871 2346 illo
901 2289 979 2366 περὶ
1001 2276 1198 2366 μνημάτων
1227 2287 1352 2370 scripto
1381 2302 1424 2349 an
1453 2304 1496 2351 ex
1525 2304 1566 2350 eo
1598 2286 1824 2371 libum-quem

176 2372 219 2438 de
244 2372 350 2438 demis
374 2371 496 2436 Atticis
517 2371 724 2456 perscripsit,
750 2373 852 2457 petita
875 2371 958 2458 sint,
983 2371 1041 2435 vix
1064 2379 1176 2456 potest
1198 2370 1380 2438 diiudicari.

333 2540 386 2613 le
411 2546 474 2611 hoc
497 2547 580 2611 libro
605 2547 704 2610 multa
727 2549 898 2631 excerpsit
922 2547 1142 2631 Harpocratio
1166 2553 1265 2631 atque
1295 2549 1352 2611 vix
1382 2553 1436 2612 est
1459 2546 1589 2611 dubium
1620 2547 1695 2630 quin
1718 2546 1824 2611 etiam

175 2653 235 2720 ea,
260 2654 345 2718 quae
368 2634 410 2701 de
435 2635 534 2723 pagis
557 2633 678 2698 Atticis
708 2633 795 2717 apud
820 2633 1025 2719 Stephanum
1049 2633 1287 2720 Byzantium,
1318 2633 1472 2716 Suidtm,
1503 2633 1670 2717 Photium,
1700 2631 1824 2718 llesy·

175 2721 294 2810 chinm,
317 2723 417 2806 alios,
442 2721 598 2811 leguntur
622 2721 792 2785 maximam
824 2729 916 2786 certe
946 2725 1070 2804 partem
1100 2739 1143 2784 ex
1167 2721 1229 2784 hoc
1252 2721 1388 2785 Diodori
1412 2721 1496 2784 libro
1520 2720 1715 2806 deprompta
1739 2721 1822 2786 siut.

174 2806 331 2876 Ceterum
355 2810 418 2875 hoc
441 2828 570 2894 quoque
594 2827 654 2893 pro
679 2814 770 2874 certo
794 2807 1045 2888 affirmaverim,
1074 2806 1283 2873 Plutarchum
1307 2808 1405 2872 multo
1429 2809 1596 2894 crebrius,
1625 2826 1720 2892 quam
1745 2810 1824 2892 ipse

174 2896 220 2961 sit
244 2897 430 2981 protessus,
453 2896 592 2963 Diodori
616 2896 719 2961 libros
743 2894 998 2983 diligentissime
1021 2896 1206 2980 evolvisse,
1230 2896 1283 2959 uhi
1308 2896 1360 2959 ubi
1384 2896 1417 2958 in
1441 2895 1519 2959 vitis
1541 2896 1684 2960 virorum
1709 2894 1824 2963 Atho·

174 2983 337 3050 niensinm
360 2982 402 3050 de
427 2984 643 3048 monumentis
662 2983 770 3065 deque
793 2982 894 3047 rehns
918 2983 961 3048 ad
984 2983 1201 3068 gentilitatem
1225 2983 1453 3067 spectantibus
1478 2988 1550 3048 erat
1572 2982 1757 3048 dicendum.
1796 2990 1801 2999 '

599 3280 602 3285 .
645 3218 760 3311 Gap.
782 3225 914 3318 xm.
947 3227 1034 3334 'lle
1056 3223 1386 3339 Phylarchm
1438 3298 1442 3305 .

333 3401 573 3467 Historicorum
597 3399 715 3484 quihus
736 3398 935 3465 Plutarchus
958 3401 991 3464 in
1015 3400 1084 3466 vita
1107 3401 1340 3471 Themistoclis
1365 3419 1446 3464 usus
1471 3405 1539 3486 est,
1563 3407 1674 3467 aetate
1698 3416 1823 3467 receu-

173 3490 323 3557 tissimns
348 3495 402 3555 est
425 3484 724 3572 Phylarchus¹⁶⁰).
760 3487 851 3553 Vixit
873 3488 957 3552 eninr
982 3489 1011 3552 is
1034 3487 1228 3576 Euergetne
1251 3495 1286 3556 et
1308 3487 1531 3569 Philopatoris
1555 3487 1822 3565 Ptolemaeorum

173 3584 208 3645 et
230 3577 328 3643 Arati
360 3574 615 3659 Cleomenisque
638 3582 760 3643 aetate.
806 3573 859 3642 De
891 3576 999 3660 patria
1025 3577 1098 3643 eins
1128 3578 1304 3665 ambigitur
1334 3572 1439 3647 Snida
1467 3581 1555 3643 teste
1585 3570 1637 3662 (s
1664 3568 1738 3661 a),
1762 3576 1821 3658 qui

173 3669 227 3735 vel
252 3664 493 3731 Atheniensem
515 3682 589 3729 enm
612 3663 904 3731 velNancratitam
929 3663 984 3729 vel
995 3661 1187 3748 Sicyonium
1210 3664 1268 3730 vel
1290 3662 1494 3749 Aegyptium
1517 3663 1678 3748 appellari
1701 3666 1819 3731 auctor

176 3746 319 3839 est¹⁶¹).
364 3750 621 3817 Praetermissis
645 3750 781 3836 reliquis
805 3750 983 3837 Phylarchi
1008 3752 1118 3840 lihris,
1134 3772 1226 3836 quos
1249 3749 1358 3816 attulit
1381 3747 1517 3835 Soidas,
1542 3750 1584 3816 de
1606 3749 1820 3817 historiarum

175 3842 271 3908 libris
297 3860 401 3929 panca
425 3838 539 3904 dicere
562 3839 646 3902 satis
670 3839 827 3906 hocloco
851 3845 913 3906 est.
963 3838 1090 3905 Eodem
1114 3841 1199 3906 enim
1224 3836 1328 3904 Suida
1353 3843 1457 3925 teste,
1481 3840 1574 3904 cuius
1596 3837 1818 3902 testimouium

333 4082 377 4144 ¹⁴⁸)
396 4087 499 4134 'lectius
518 4086 595 4134 huius
615 4082 704 4144 scripti
720 4082 785 4132 lilrer
803 4085 896 4131 citatur
914 4084 962 4133 vit.
981 4086 1040 4136 dee.
1059 4087 1116 4134 orat
1141 4098 1168 4144 p.
1186 4077 1248 4135 849.
1267 4083 1299 4133 C

338 4166 384 4230 ¹⁴⁹)
401 4169 569 4230 Harpocrattn
587 4186 610 4220 s.
631 4184 664 4218 v·
679 4166 806 4235 Koioran'c·
851 4184 854 4189 '

332 4255 378 4316 ¹⁸⁰)
397 4256 510 4303 Vossius
528 4258 545 4304 l.
564 4259 582 4306 l.
601 4272 627 4318 p.
647 4253 705 4306 leo.
729 4284 753 4294 -
777 4259 797 4306 l.
815 4254 848 4306 ll.
867 4256 954 4302 Lucht
972 4257 1049 4316 Plryl.
1069 4258 1130 4305 hist.
1147 4258 1241 4323 fragm.
1259 4258 1334 4315 Lips.
1353 4247 1435 4315 1⁸³6,
1454 4265 1507 4310 qno
1526 4255 1590 4304 libro
1609 4254 1646 4304 uti
1665 4267 1716 4303 uon
1734 4257 1818 4315 potui.

174 4329 297 4386 Droysen
315 4327 413 4376 Gesch.
432 4321 579 4375 d.·llellon.
598 4325 622 4375 l.
641 4341 667 4386 p.
682 4321 734 4377 683
751 4335 779 4381 tr.
797 4320 857 4374 684.
875 4348 910 4359 -
948 4325 1069 4376 Sinteuis.
1094 4329 1121 4376 in
1146 4327 1207 4375 edit.
1234 4327 1280 4373 uit.
1300 4325 1389 4373 Thcm.
1409 4336 1434 4382 p.
1452 4317 1503 4370 205
1519 4329 1546 4373 ct
1567 4318 1628 4375 200.
1654 4322 1818 4373 Sc‘hoemanu

171 4393 446 4527 grogffiffaggfdit'
466 4394 545 4457 Agid.
564 4397 591 4440 et
609 4392 708 4444 Cleom.
729 4410 755 4455 p.
774 4393 877 4442 xxl-
888 4393 981 4461 XXV.
1001 4396 1110 4444 hlucller
1129 4397 1145 4445 l.
1159 4398 1176 4443 l.
1201 4397 1273 4443 'l'onn
1291 4395 1313 4440 l.
1331 4408 1355 4453 p.
1382 4391 1519 4442 LXXVll
1531 4393 1706 4445 -LXXXL
1723 4395 1818 4458 fragm.

333 4545 378 4608 ¹⁸¹)
397 4548 493 4599 Athen.
513 4550 570 4607 (tlh.
590 4526 623 4602 ll.
643 4561 671 4608 p.
689 4545 733 4601 58.
752 4550 785 4600 C.
802 4553 845 4600 ed.
863 4549 955 4612 Gom.)
974 4553 1044 4601 addit
1063 4553 1158 4603 nomint
1176 4550 1293 4610 apposito
1311 4542 1462 4614 Ἀθηναῖος
1479 4546 1496 4617 ἢ
1514 4536 1703 4614 Naoapurtrqe.
