<?xml version="1.0" encoding="UTF-8"?>
<!DOCTYPE html PUBLIC "-//W3C//DTD XHTML 1.0 Transitional//EN"
    "http://www.w3.org/TR/xhtml1/DTD/xhtml1-transitional.dtd">
<html xmlns="http://www.w3.org/1999/xhtml" xml:lang="en" lang="en">
 <head>
  <title>
</title>
<meta http-equiv="Content-Type" content="text/html;charset=utf-8" />
  <meta name='ocr-system' content='tesseract 3.04.00' />
  <meta name='ocr-capabilities' content='ocr_page ocr_carea ocr_par ocr_line ocrx_word'/>
</head>
<body>
  <div class='ocr_page' id='page_1' title='image "./dererumscriptor00schigoog_0015.png"; bbox 0 0 3982 5144; ppageno 0'>
   <div class='ocr_carea' id='block_1_1' title="bbox 819 278 983 383">
    <p class='ocr_par' dir='ltr' id='par_1_1' title="bbox 819 278 983 383">
     <span class='ocr_line' id='line_1_1' title="bbox 819 278 983 383; baseline 0 0"><span class='ocrx_word' id='word_1_1' title='bbox 819 278 983 383; x_wconf 49' lang='lat' dir='ltr'><strong>&#39;‘rr</strong></span> 
     </span>
    </p>
   </div>
   <div class='ocr_carea' id='block_1_2' title="bbox 71 526 1787 1311">
    <p class='ocr_par' dir='ltr' id='par_1_2' title="bbox 71 526 1787 1311">
     <span class='ocr_line' id='line_1_2' title="bbox 302 526 1770 686; baseline 0.002 -90"><span class='ocrx_word' id='word_1_2' title='bbox 302 528 488 607; x_wconf 81' lang='lat' dir='ltr'><strong>Charonam</strong></span> <span class='ocrx_word' id='word_1_3' title='bbox 500 526 672 595; x_wconf 81' lang='lat' dir='ltr'><strong>Herodoto</strong></span> <span class='ocrx_word' id='word_1_4' title='bbox 697 527 971 612; x_wconf 75' lang='lat' dir='ltr'><strong>priorem&#39;iuisse</strong></span> <span class='ocrx_word' id='word_1_5' title='bbox 994 534 1159 594; x_wconf 86' lang='lat' dir='ltr'><strong>testantur</strong></span> <span class='ocrx_word' id='word_1_6' title='bbox 1172 528 1357 613; x_wconf 87' lang='lat' dir='ltr'><strong>Dionysius</strong></span> <span class='ocrx_word' id='word_1_7' title='bbox 1373 527 1770 686; x_wconf 58' lang='lat' dir='ltr'><strong>Halicarnasscensis¹2</strong></span> 
     </span>
     <span class='ocr_line' id='line_1_3' title="bbox 140 611 1783 707; baseline 0.001 -20"><span class='ocrx_word' id='word_1_8' title='bbox 140 625 257 689; x_wconf 88' lang='lat' dir='ltr'><strong>auctor</strong></span> <span class='ocrx_word' id='word_1_9' title='bbox 278 617 353 684; x_wconf 80' lang='lat' dir='ltr'><strong>libri</strong></span> <span class='ocrx_word' id='word_1_10' title='bbox 375 615 420 688; x_wconf 83' lang='lat' dir='ltr'><strong>de</strong></span> <span class='ocrx_word' id='word_1_11' title='bbox 441 615 647 702; x_wconf 76' lang='lat' dir='ltr'><strong>malignitate</strong></span> <span class='ocrx_word' id='word_1_12' title='bbox 671 611 896 702; x_wconf 82' lang='lat' dir='ltr'><strong>Herodoti¹⁸)</strong></span> <span class='ocrx_word' id='word_1_13' title='bbox 917 623 951 683; x_wconf 85' lang='lat' dir='ltr'><strong>et</strong></span> <span class='ocrx_word' id='word_1_14' title='bbox 973 615 1197 682; x_wconf 77' lang='lat' dir='ltr'><strong>Tertullianus</strong></span> <span class='ocrx_word' id='word_1_15' title='bbox 1207 611 1268 703; x_wconf 61' lang='grc' dir='ltr'><strong>λ’).</strong></span> <span class='ocrx_word' id='word_1_16' title='bbox 1315 616 1406 686; x_wconf 88' lang='lat' dir='ltr'><strong>ldem</strong></span> <span class='ocrx_word' id='word_1_17' title='bbox 1430 620 1485 685; x_wconf 89' lang='lat' dir='ltr'><strong>ille</strong></span> <span class='ocrx_word' id='word_1_18' title='bbox 1508 619 1692 706; x_wconf 86' lang='lat' dir='ltr'><strong>Dionysius</strong></span> <span class='ocrx_word' id='word_1_19' title='bbox 1716 617 1737 707; x_wconf 83' lang='lat'><strong>(</strong></span> <span class='ocrx_word' id='word_1_20' title='bbox 1761 641 1783 689; x_wconf 91' lang='lat' dir='ltr'><strong>e</strong></span> 
     </span>
     <span class='ocr_line' id='line_1_4' title="bbox 141 696 1782 791; baseline 0.001 -17"><span class='ocrx_word' id='word_1_21' title='bbox 141 708 247 774; x_wconf 79' lang='lat' dir='ltr'><strong>Thac.</strong></span> <span class='ocrx_word' id='word_1_22' title='bbox 278 705 354 770; x_wconf 87' lang='lat' dir='ltr'><strong>hist.</strong></span> <span class='ocrx_word' id='word_1_23' title='bbox 383 701 450 769; x_wconf 89' lang='lat' dir='ltr'><strong>iud.</strong></span> <span class='ocrx_word' id='word_1_24' title='bbox 473 724 504 788; x_wconf 87' lang='lat' dir='ltr'><strong>p.</strong></span> <span class='ocrx_word' id='word_1_25' title='bbox 533 706 601 768; x_wconf 83' lang='grc'><strong>818</strong></span> <span class='ocrx_word' id='word_1_26' title='bbox 628 698 782 790; x_wconf 79' lang='lat' dir='ltr'><strong>Reiske)</strong></span> <span class='ocrx_word' id='word_1_27' title='bbox 809 703 886 769; x_wconf 90' lang='lat' dir='ltr'><strong>illos</strong></span> <span class='ocrx_word' id='word_1_28' title='bbox 916 722 1000 789; x_wconf 84' lang='lat' dir='ltr'><strong>quos</strong></span> <span class='ocrx_word' id='word_1_29' title='bbox 1030 696 1264 788; x_wconf 72' lang='grc' dir='ltr'><em>λογογράφους</em></span> <span class='ocrx_word' id='word_1_30' title='bbox 1297 711 1421 774; x_wconf 85' lang='lat' dir='ltr'><strong>vocant</strong></span> <span class='ocrx_word' id='word_1_31' title='bbox 1448 724 1559 775; x_wconf 88' lang='lat' dir='ltr'><strong>rerum</strong></span> <span class='ocrx_word' id='word_1_32' title='bbox 1588 708 1782 791; x_wconf 79' lang='lat' dir='ltr'><strong>scriptores,</strong></span> 
     </span>
     <span class='ocr_line' id='line_1_5' title="bbox 71 790 1787 881; baseline 0.001 -21"><span class='ocrx_word' id='word_1_33' title='bbox 71 863 73 867; x_wconf 70' lang='lat'>‚</span> <span class='ocrx_word' id='word_1_34' title='bbox 142 797 297 881; x_wconf 85' lang='lat' dir='ltr'><strong>quiante</strong></span> <span class='ocrx_word' id='word_1_35' title='bbox 320 791 441 856; x_wconf 87' lang='lat' dir='ltr'><strong>bellum</strong></span> <span class='ocrx_word' id='word_1_36' title='bbox 463 790 761 877; x_wconf 87' lang='lat' dir='ltr'><strong>Peloponesiacum</strong></span> <span class='ocrx_word' id='word_1_37' title='bbox 779 791 975 878; x_wconf 79' lang='lat' dir='ltr'><strong>floruerunt,</strong></span> <span class='ocrx_word' id='word_1_38' title='bbox 999 809 1198 857; x_wconf 78' lang='lat' dir='ltr'><strong>enumerans</strong></span> <span class='ocrx_word' id='word_1_39' title='bbox 1222 792 1264 857; x_wconf 88' lang='lat' dir='ltr'><strong>ab</strong></span> <span class='ocrx_word' id='word_1_40' title='bbox 1288 793 1460 867; x_wconf 86' lang='lat' dir='ltr'><strong>Hecataeo</strong></span> <span class='ocrx_word' id='word_1_41' title='bbox 1484 795 1615 861; x_wconf 87' lang='lat' dir='ltr'><strong>Milesio</strong></span> <span class='ocrx_word' id='word_1_42' title='bbox 1640 800 1674 861; x_wconf 91' lang='lat' dir='ltr'><strong>et</strong></span> <span class='ocrx_word' id='word_1_43' title='bbox 1685 795 1787 861; x_wconf 83' lang='lat' dir='ltr'><strong>Acu··</strong></span> 
     </span>
     <span class='ocr_line' id='line_1_6' title="bbox 141 876 1782 968; baseline -0.001 -18"><span class='ocrx_word' id='word_1_44' title='bbox 141 884 226 950; x_wconf 90' lang='lat' dir='ltr'><strong>silao</strong></span> <span class='ocrx_word' id='word_1_45' title='bbox 249 879 381 968; x_wconf 83' lang='lat' dir='ltr'><strong>Argivo</strong></span> <span class='ocrx_word' id='word_1_46' title='bbox 405 879 586 962; x_wconf 89' lang='lat' dir='ltr'><strong>proximum</strong></span> <span class='ocrx_word' id='word_1_47' title='bbox 611 876 777 944; x_wconf 85' lang='lat' dir='ltr'><strong>Charonis</strong></span> <span class='ocrx_word' id='word_1_48' title='bbox 801 879 954 964; x_wconf 89' lang='lat' dir='ltr'><strong>apposuit</strong></span> <span class='ocrx_word' id='word_1_49' title='bbox 976 897 1103 945; x_wconf 90' lang='lat' dir='ltr'><strong>nomen.</strong></span> <span class='ocrx_word' id='word_1_50' title='bbox 1126 877 1243 945; x_wconf 80' lang='lat' dir='ltr'><strong>Paullo</strong></span> <span class='ocrx_word' id='word_1_51' title='bbox 1257 883 1444 947; x_wconf 87' lang='lat' dir='ltr'><strong>accuratius</strong></span> <span class='ocrx_word' id='word_1_52' title='bbox 1460 881 1615 948; x_wconf 90' lang='lat' dir='ltr'><strong>docemur</strong></span> <span class='ocrx_word' id='word_1_53' title='bbox 1638 880 1782 949; x_wconf 77' lang='lat' dir='ltr'><strong>ascida</strong></span> 
     </span>
     <span class='ocr_line' id='line_1_7' title="bbox 140 965 1782 1059; baseline 0.001 -24"><span class='ocrx_word' id='word_1_54' title='bbox 140 970 353 1059; x_wconf 86' lang='lat' dir='ltr'><strong>grammatico</strong></span> <span class='ocrx_word' id='word_1_55' title='bbox 378 971 412 1032; x_wconf 89' lang='lat' dir='ltr'><strong>et</strong></span> <span class='ocrx_word' id='word_1_56' title='bbox 436 965 478 1031; x_wconf 94' lang='lat' dir='ltr'><strong>de</strong></span> <span class='ocrx_word' id='word_1_57' title='bbox 500 971 611 1032; x_wconf 87' lang='lat' dir='ltr'><strong>aetate</strong></span> <span class='ocrx_word' id='word_1_58' title='bbox 634 984 698 1049; x_wconf 81' lang='lat' dir='ltr'><strong>qua</strong></span> <span class='ocrx_word' id='word_1_59' title='bbox 721 966 869 1032; x_wconf 82' lang='lat' dir='ltr'><strong>floruerit</strong></span> <span class='ocrx_word' id='word_1_60' title='bbox 891 965 1025 1030; x_wconf 83' lang='lat' dir='ltr'><strong>Charon</strong></span> <span class='ocrx_word' id='word_1_61' title='bbox 1049 971 1083 1032; x_wconf 90' lang='lat' dir='ltr'><strong>et</strong></span> <span class='ocrx_word' id='word_1_62' title='bbox 1106 966 1148 1031; x_wconf 92' lang='lat' dir='ltr'><strong>de</strong></span> <span class='ocrx_word' id='word_1_63' title='bbox 1171 968 1305 1052; x_wconf 88' lang='lat' dir='ltr'><strong>scriptis</strong></span> <span class='ocrx_word' id='word_1_64' title='bbox 1330 969 1413 1034; x_wconf 90' lang='lat' dir='ltr'><strong>eius.</strong></span> <span class='ocrx_word' id='word_1_65' title='bbox 1460 965 1523 1049; x_wconf 78' lang='lat' dir='ltr'><strong>Qui</strong></span> <span class='ocrx_word' id='word_1_66' title='bbox 1539 970 1782 1057; x_wconf 80' lang='lat' dir='ltr'><strong>grammaticos</strong></span> 
     </span>
     <span class='ocr_line' id='line_1_8' title="bbox 141 1053 1785 1143; baseline -0.004 -21"><span class='ocrx_word' id='word_1_67' title='bbox 141 1059 261 1122; x_wconf 82' lang='lat' dir='ltr'><strong>atinum</strong></span> <span class='ocrx_word' id='word_1_68' title='bbox 285 1074 412 1140; x_wconf 85' lang='lat' dir='ltr'><strong>rerum,</strong></span> <span class='ocrx_word' id='word_1_69' title='bbox 443 1072 526 1137; x_wconf 85' lang='lat' dir='ltr'><strong>quas</strong></span> <span class='ocrx_word' id='word_1_70' title='bbox 549 1073 594 1120; x_wconf 88' lang='lat' dir='ltr'><strong>ex</strong></span> <span class='ocrx_word' id='word_1_71' title='bbox 625 1053 761 1117; x_wconf 88' lang='lat' dir='ltr'><strong>aliorum</strong></span> <span class='ocrx_word' id='word_1_72' title='bbox 788 1053 923 1137; x_wconf 90' lang='lat' dir='ltr'><strong>scriptis</strong></span> <span class='ocrx_word' id='word_1_73' title='bbox 952 1059 1130 1137; x_wconf 88' lang='lat' dir='ltr'><strong>excerptas</strong></span> <span class='ocrx_word' id='word_1_74' title='bbox 1161 1055 1388 1141; x_wconf 82' lang='lat' dir='ltr'><strong>collectasque</strong></span> <span class='ocrx_word' id='word_1_75' title='bbox 1421 1059 1599 1123; x_wconf 81' lang='lat' dir='ltr'><strong>memoriae</strong></span> <span class='ocrx_word' id='word_1_76' title='bbox 1630 1055 1785 1143; x_wconf 73' lang='lat' dir='ltr'><strong>prodidit,</strong></span> 
     </span>
     <span class='ocr_line' id='line_1_9' title="bbox 139 1139 1784 1230; baseline -0.002 -20"><span class='ocrx_word' id='word_1_77' title='bbox 139 1143 399 1210; x_wconf 86' lang='lat' dir='ltr'><strong>existimatorem</strong></span> <span class='ocrx_word' id='word_1_78' title='bbox 430 1160 469 1207; x_wconf 91' lang='lat' dir='ltr'><strong>se</strong></span> <span class='ocrx_word' id='word_1_79' title='bbox 495 1141 707 1224; x_wconf 84' lang='lat' dir='ltr'><strong>praebuisset</strong></span> <span class='ocrx_word' id='word_1_80' title='bbox 730 1146 764 1206; x_wconf 89' lang='lat' dir='ltr'><strong>et</strong></span> <span class='ocrx_word' id='word_1_81' title='bbox 787 1139 842 1204; x_wconf 90' lang='lat' dir='ltr'><strong>dili</strong></span> <span class='ocrx_word' id='word_1_82' title='bbox 870 1141 1028 1205; x_wconf 86' lang='lat' dir='ltr'><strong>entiorem</strong></span> <span class='ocrx_word' id='word_1_83' title='bbox 1052 1147 1086 1206; x_wconf 90' lang='lat' dir='ltr'><strong>et</strong></span> <span class='ocrx_word' id='word_1_84' title='bbox 1107 1141 1280 1230; x_wconf 88' lang='lat' dir='ltr'><strong>acriorem,</strong></span> <span class='ocrx_word' id='word_1_85' title='bbox 1303 1162 1346 1210; x_wconf 90' lang='lat' dir='ltr'><strong>ne</strong></span> <span class='ocrx_word' id='word_1_86' title='bbox 1369 1144 1488 1208; x_wconf 87' lang='lat' dir='ltr'><strong>auxius</strong></span> <span class='ocrx_word' id='word_1_87' title='bbox 1512 1162 1645 1229; x_wconf 86' lang='lat' dir='ltr'><strong>semper</strong></span> <span class='ocrx_word' id='word_1_88' title='bbox 1667 1142 1784 1209; x_wconf 90' lang='lat' dir='ltr'><strong>haesi-</strong></span> 
     </span>
     <span class='ocr_line' id='line_1_10' title="bbox 139 1159 1783 1311; baseline -0.002 -15"><span class='ocrx_word' id='word_1_89' title='bbox 139 1235 232 1296; x_wconf 88' lang='lat' dir='ltr'><strong>tares</strong></span> <span class='ocrx_word' id='word_1_90' title='bbox 264 1230 371 1294; x_wconf 90' lang='lat' dir='ltr'><strong>animo</strong></span> <span class='ocrx_word' id='word_1_91' title='bbox 404 1233 511 1292; x_wconf 88' lang='lat' dir='ltr'><strong>utrum</strong></span> <span class='ocrx_word' id='word_1_92' title='bbox 546 1233 644 1294; x_wconf 88' lang='lat' dir='ltr'><strong>esset</strong></span> <span class='ocrx_word' id='word_1_93' title='bbox 672 1225 758 1292; x_wconf 87' lang='lat' dir='ltr'><strong>fides</strong></span> <span class='ocrx_word' id='word_1_94' title='bbox 786 1228 818 1293; x_wconf 92' lang='lat' dir='ltr'><strong>ei</strong></span> <span class='ocrx_word' id='word_1_95' title='bbox 844 1159 999 1293; x_wconf 63' lang='lat' dir='ltr'><strong>habenda</strong></span> <span class='ocrx_word' id='word_1_96' title='bbox 1029 1245 1145 1293; x_wconf 87' lang='lat' dir='ltr'><strong>necne.</strong></span> <span class='ocrx_word' id='word_1_97' title='bbox 1197 1228 1234 1292; x_wconf 84' lang='grc' dir='ltr'><em>λε</em></span> <span class='ocrx_word' id='word_1_98' title='bbox 1266 1249 1294 1293; x_wconf 83' lang='grc' dir='ltr'><strong>ε.</strong></span> <span class='ocrx_word' id='word_1_99' title='bbox 1329 1251 1362 1294; x_wconf 91' lang='lat' dir='ltr'><strong>v.</strong></span> <span class='ocrx_word' id='word_1_100' title='bbox 1393 1222 1522 1311; x_wconf 86' lang='grc' dir='ltr'><em>Χάρων</em></span> <span class='ocrx_word' id='word_1_101' title='bbox 1549 1229 1635 1297; x_wconf 89' lang='lat' dir='ltr'><strong>haec</strong></span> <span class='ocrx_word' id='word_1_102' title='bbox 1668 1229 1783 1296; x_wconf 87' lang='lat' dir='ltr'><strong>habet:</strong></span> 
     </span>
    </p>
   </div>
   <div class='ocr_carea' id='block_1_3' title="bbox 138 1305 1812 1683">
    <p class='ocr_par' dir='ltr' id='par_1_3' title="bbox 138 1305 1812 1683">
     <span class='ocr_line' id='line_1_11' title="bbox 139 1305 1812 1399; baseline 0.001 -20"><span class='ocrx_word' id='word_1_103' title='bbox 139 1309 269 1399; x_wconf 86' lang='grc' dir='ltr'><em>Χάρων</em></span> <span class='ocrx_word' id='word_1_104' title='bbox 299 1305 567 1399; x_wconf 57' lang='grc' dir='ltr'><em>Λαμψακηνός.</em></span> <span class='ocrx_word' id='word_1_105' title='bbox 590 1305 665 1391; x_wconf 78' lang='grc' dir='ltr'><em>υἷάς</em></span> <span class='ocrx_word' id='word_1_106' title='bbox 693 1311 938 1393; x_wconf 74' lang='grc' dir='ltr'><em>Πυθοκλέους,</em></span> <span class='ocrx_word' id='word_1_107' title='bbox 968 1309 1155 1399; x_wconf 71' lang='grc' dir='ltr'><em>γευόμενος</em></span> <span class='ocrx_word' id='word_1_108' title='bbox 1183 1308 1271 1379; x_wconf 88' lang='grc' dir='ltr'><em>κατά</em></span> <span class='ocrx_word' id='word_1_109' title='bbox 1301 1311 1366 1381; x_wconf 83' lang='grc' dir='ltr'><strong>τάν</strong></span> <span class='ocrx_word' id='word_1_110' title='bbox 1395 1318 1533 1399; x_wconf 78' lang='grc' dir='ltr'><em>πρῶτον</em></span> <span class='ocrx_word' id='word_1_111' title='bbox 1555 1318 1702 1399; x_wconf 79' lang='grc' dir='ltr'><em>Δαρεῖον</em></span> <span class='ocrx_word' id='word_1_112' title='bbox 1727 1308 1812 1380; x_wconf 64' lang='lat' dir='ltr'><strong>od*¹</strong></span> 
     </span>
     <span class='ocr_line' id='line_1_12' title="bbox 138 1392 1784 1489; baseline 0 -22"><span class='ocrx_word' id='word_1_113' title='bbox 138 1395 344 1487; x_wconf 75' lang='grc' dir='ltr'><em>ὀλυμπιάδι·</em></span> <span class='ocrx_word' id='word_1_114' title='bbox 356 1392 594 1485; x_wconf 75' lang='grc' dir='ltr'><em>μάλλουδὲῆυ</em></span> <span class='ocrx_word' id='word_1_115' title='bbox 618 1404 675 1465; x_wconf 72' lang='lat' dir='ltr'><strong>daal</strong></span> <span class='ocrx_word' id='word_1_116' title='bbox 698 1400 768 1464; x_wconf 88' lang='grc' dir='ltr'><strong>τῶν</strong></span> <span class='ocrx_word' id='word_1_117' title='bbox 790 1400 969 1485; x_wconf 79' lang='grc' dir='ltr'><em>Περσικῶν</em></span> <span class='ocrx_word' id='word_1_118' title='bbox 991 1394 1079 1465; x_wconf 89' lang='grc' dir='ltr'><em>κατά</em></span> <span class='ocrx_word' id='word_1_119' title='bbox 1102 1394 1170 1484; x_wconf 71' lang='grc' dir='ltr'><strong>τήν</strong></span> <span class='ocrx_word' id='word_1_120' title='bbox 1192 1405 1227 1466; x_wconf 80' lang='grc' dir='ltr'><strong>οὲ</strong></span> <span class='ocrx_word' id='word_1_121' title='bbox 1251 1394 1456 1486; x_wconf 79' lang='grc' dir='ltr'><em>ὀλυμπιάδα·</em></span> <span class='ocrx_word' id='word_1_122' title='bbox 1481 1397 1661 1486; x_wconf 82' lang='grc' dir='ltr'><em>ἱστορικός·</em></span> <span class='ocrx_word' id='word_1_123' title='bbox 1684 1406 1784 1489; x_wconf 91' lang='grc' dir='ltr'><em>έγρα-</em></span> 
     </span>
     <span class='ocr_line' id='line_1_13' title="bbox 139 1479 1784 1594; baseline 0 -39"><span class='ocrx_word' id='word_1_124' title='bbox 139 1505 209 1576; x_wconf 78' lang='grc' dir='ltr'><strong>ψευ</strong></span> <span class='ocrx_word' id='word_1_125' title='bbox 231 1481 442 1566; x_wconf 71' lang='grc' dir='ltr'><em>Αἰθιοπικάς</em></span> <span class='ocrx_word' id='word_1_126' title='bbox 467 1481 619 1572; x_wconf 87' lang='grc' dir='ltr'><em>Περσικά</em></span> <span class='ocrx_word' id='word_1_127' title='bbox 647 1492 685 1565; x_wconf 82' lang='grc' dir='ltr'><strong>έυ</strong></span> <span class='ocrx_word' id='word_1_128' title='bbox 707 1486 856 1573; x_wconf 77' lang='grc' dir='ltr'><em>βιβλίοις</em></span> <span class='ocrx_word' id='word_1_129' title='bbox 878 1484 923 1574; x_wconf 71' lang='grc' dir='ltr'><strong>β’.</strong></span> <span class='ocrx_word' id='word_1_130' title='bbox 945 1479 1127 1570; x_wconf 83' lang='grc' dir='ltr'><em>Ἑλληνικά</em></span> <span class='ocrx_word' id='word_1_131' title='bbox 1152 1491 1191 1552; x_wconf 86' lang='grc' dir='ltr'><strong>έν</strong></span> <span class='ocrx_word' id='word_1_132' title='bbox 1205 1489 1354 1594; x_wconf 88' lang='grc' dir='ltr'><em>βιβλίοις</em></span> <span class='ocrx_word' id='word_1_133' title='bbox 1378 1482 1405 1554; x_wconf 64' lang='grc' dir='ltr'><strong>δ’</strong></span> <span class='ocrx_word' id='word_1_134' title='bbox 1429 1494 1519 1574; x_wconf 59' lang='grc' dir='ltr'><em>ιπερὶ</em></span> <span class='ocrx_word' id='word_1_135' title='bbox 1540 1481 1737 1574; x_wconf 82' lang='grc' dir='ltr'><em>Λαμψάκου</em></span> <span class='ocrx_word' id='word_1_136' title='bbox 1751 1481 1784 1574; x_wconf 63' lang='grc' dir='ltr'><strong>β’</strong></span> 
     </span>
     <span class='ocr_line' id='line_1_14' title="bbox 138 1570 1784 1683; baseline 0.001 -44"><span class='ocrx_word' id='word_1_137' title='bbox 138 1570 279 1662; x_wconf 88' lang='grc' dir='ltr'><em>Λιβυκά</em></span> <span class='ocrx_word' id='word_1_138' title='bbox 303 1571 405 1658; x_wconf 84' lang='grc' dir='ltr'><em>ὄρους</em></span> <span class='ocrx_word' id='word_1_139' title='bbox 428 1577 505 1683; x_wconf 73' lang='lat' dir='ltr'><strong>(leg.</strong></span> <span class='ocrx_word' id='word_1_140' title='bbox 530 1570 654 1658; x_wconf 89' lang='grc' dir='ltr'><em>ῶρους)</em></span> <span class='ocrx_word' id='word_1_141' title='bbox 677 1573 931 1662; x_wconf 77' lang='grc' dir='ltr'><em>Λαμψακηνῶν</em></span> <span class='ocrx_word' id='word_1_142' title='bbox 949 1581 992 1640; x_wconf 66' lang='grc' dir='ltr'><strong>έν</strong></span> <span class='ocrx_word' id='word_1_143' title='bbox 1014 1575 1163 1660; x_wconf 83' lang='grc' dir='ltr'><em>βιβλίοις</em></span> <span class='ocrx_word' id='word_1_144' title='bbox 1187 1576 1227 1641; x_wconf 92' lang='grc' dir='ltr'><strong>δ.</strong></span> <span class='ocrx_word' id='word_1_145' title='bbox 1253 1571 1486 1661; x_wconf 76' lang='grc' dir='ltr'><em>Πρυτάνειςῆ</em></span> <span class='ocrx_word' id='word_1_146' title='bbox 1512 1573 1682 1664; x_wconf 88' lang='grc' dir='ltr'><em>άρχοντας</em></span> <span class='ocrx_word' id='word_1_147' title='bbox 1700 1570 1784 1648; x_wconf 85' lang='grc' dir='ltr'><em>τοάς</em></span> 
     </span>
    </p>
   </div>
   <div class='ocr_carea' id='block_1_4' title="bbox 121 1657 1833 3408">
    <p class='ocr_par' dir='ltr' id='par_1_4' title="bbox 127 1657 1833 1922">
     <span class='ocr_line' id='line_1_15' title="bbox 140 1657 1833 1768; baseline -0.001 -40"><span class='ocrx_word' id='word_1_148' title='bbox 140 1665 211 1730; x_wconf 85' lang='grc' dir='ltr'><strong>τῶν</strong></span> <span class='ocrx_word' id='word_1_149' title='bbox 234 1660 531 1746; x_wconf 80' lang='grc' dir='ltr'><em>Λακεδαιμουιιον,</em></span> <span class='ocrx_word' id='word_1_150' title='bbox 555 1666 626 1727; x_wconf 78' lang='grc' dir='ltr'><em>ἔστι</em></span> <span class='ocrx_word' id='word_1_151' title='bbox 652 1662 688 1727; x_wconf 79' lang='grc' dir='ltr'><strong>δὲ</strong></span> <span class='ocrx_word' id='word_1_152' title='bbox 697 1657 840 1768; x_wconf 76' lang='grc' dir='ltr'><em>γρονικά</em></span> <span class='ocrx_word' id='word_1_153' title='bbox 866 1663 1011 1753; x_wconf 81' lang='grc' dir='ltr'><em>Κτίσεις</em></span> <span class='ocrx_word' id='word_1_154' title='bbox 1027 1657 1161 1730; x_wconf 79' lang='grc' dir='ltr'><em>πόλεων</em></span> <span class='ocrx_word' id='word_1_155' title='bbox 1185 1669 1222 1729; x_wconf 72' lang='grc' dir='ltr'><strong>ἐν</strong></span> <span class='ocrx_word' id='word_1_156' title='bbox 1244 1664 1393 1751; x_wconf 87' lang='grc' dir='ltr'><em>βιβλίοις</em></span> <span class='ocrx_word' id='word_1_157' title='bbox 1415 1657 1447 1750; x_wconf 84' lang='grc' dir='ltr'><em>β</em></span> <span class='ocrx_word' id='word_1_158' title='bbox 1472 1659 1639 1749; x_wconf 78' lang='grc' dir='ltr'><em>’Κριγτικά</em></span> <span class='ocrx_word' id='word_1_159' title='bbox 1663 1669 1700 1730; x_wconf 78' lang='grc' dir='ltr'><strong>ἐν</strong></span> <span class='ocrx_word' id='word_1_160' title='bbox 1722 1665 1783 1750; x_wconf 73' lang='grc' dir='ltr'><strong>βι·</strong></span> <span class='ocrx_word' id='word_1_161' title='bbox 1832 1668 1833 1673; x_wconf 74' lang='grc'>’</span> 
     </span>
     <span class='ocr_line' id='line_1_16' title="bbox 127 1744 1784 1857; baseline 0.001 -42"><span class='ocrx_word' id='word_1_162' title='bbox 127 1800 130 1805; x_wconf 82' lang='grc'><strong>-</strong></span> <span class='ocrx_word' id='word_1_163' title='bbox 141 1749 253 1857; x_wconf 85' lang='grc' dir='ltr'><em>βλίοις</em></span> <span class='ocrx_word' id='word_1_164' title='bbox 275 1775 313 1837; x_wconf 94' lang='grc' dir='ltr'><strong>γε</strong></span> <span class='ocrx_word' id='word_1_165' title='bbox 331 1749 418 1835; x_wconf 88' lang='grc' dir='ltr'><em>λέγει</em></span> <span class='ocrx_word' id='word_1_166' title='bbox 442 1749 478 1815; x_wconf 82' lang='grc' dir='ltr'><strong>δέ</strong></span> <span class='ocrx_word' id='word_1_167' title='bbox 501 1749 555 1814; x_wconf 86' lang='grc' dir='ltr'><strong>καί</strong></span> <span class='ocrx_word' id='word_1_168' title='bbox 578 1745 662 1823; x_wconf 76' lang='grc' dir='ltr'><em>τοάς</em></span> <span class='ocrx_word' id='word_1_169' title='bbox 683 1744 756 1816; x_wconf 78' lang='grc' dir='ltr'><em>υσεδ</em></span> <span class='ocrx_word' id='word_1_170' title='bbox 779 1749 919 1824; x_wconf 83' lang='grc' dir='ltr'><em>Μίνωος</em></span> <span class='ocrx_word' id='word_1_171' title='bbox 941 1751 1111 1824; x_wconf 76' lang='grc' dir='ltr'><em>τεθέντας</em></span> <span class='ocrx_word' id='word_1_172' title='bbox 1133 1746 1268 1835; x_wconf 84' lang='grc' dir='ltr'><em>νόμους.</em></span> <span class='ocrx_word' id='word_1_173' title='bbox 1281 1751 1496 1835; x_wconf 69' lang='grc' dir='ltr'><em>Περίπλουνς</em></span> <span class='ocrx_word' id='word_1_174' title='bbox 1518 1751 1583 1816; x_wconf 83' lang='grc' dir='ltr'><strong>τῶν</strong></span> <span class='ocrx_word' id='word_1_175' title='bbox 1597 1746 1693 1824; x_wconf 77' lang='grc' dir='ltr'><em>ἐκτός</em></span> <span class='ocrx_word' id='word_1_176' title='bbox 1715 1751 1784 1816; x_wconf 79' lang='grc' dir='ltr'><strong>τῶν</strong></span> 
     </span>
     <span class='ocr_line' id='line_1_17' title="bbox 153 1837 516 1922; baseline -0.003 -20"><span class='ocrx_word' id='word_1_177' title='bbox 153 1837 352 1922; x_wconf 84' lang='grc' dir='ltr'><em>Ηρακλείωυ</em></span> <span class='ocrx_word' id='word_1_178' title='bbox 373 1837 516 1920; x_wconf 83' lang='grc' dir='ltr'><em>στηλῶν.</em></span> 
     </span>
    </p>

    <p class='ocr_par' dir='ltr' id='par_1_5' title="bbox 121 1918 1809 3408">
     <span class='ocr_line' id='line_1_18' title="bbox 302 1918 1784 2017; baseline 0.001 -28"><span class='ocrx_word' id='word_1_179' title='bbox 302 1926 341 1989; x_wconf 90' lang='lat' dir='ltr'><strong>ln</strong></span> <span class='ocrx_word' id='word_1_180' title='bbox 365 1926 406 1989; x_wconf 90' lang='lat' dir='ltr'><strong>iis</strong></span> <span class='ocrx_word' id='word_1_181' title='bbox 429 1926 565 2010; x_wconf 89' lang='lat' dir='ltr'><strong>prim-um</strong></span> <span class='ocrx_word' id='word_1_182' title='bbox 588 1927 695 1992; x_wconf 88' lang='lat' dir='ltr'><strong>verba</strong></span> <span class='ocrx_word' id='word_1_183' title='bbox 719 1925 804 2017; x_wconf 82' lang='lat' dir='ltr'><strong>haec</strong></span> <span class='ocrx_word' id='word_1_184' title='bbox 826 1918 914 1990; x_wconf 88' lang='grc' dir='ltr'><em>κατά</em></span> <span class='ocrx_word' id='word_1_185' title='bbox 937 1919 1003 1991; x_wconf 85' lang='grc' dir='ltr'><strong>τάν</strong></span> <span class='ocrx_word' id='word_1_186' title='bbox 1026 1927 1164 2010; x_wconf 84' lang='grc' dir='ltr'><em>πρῶτον</em></span> <span class='ocrx_word' id='word_1_187' title='bbox 1182 1926 1328 2008; x_wconf 79' lang='grc' dir='ltr'><em>Δαρεῖον</em></span> <span class='ocrx_word' id='word_1_188' title='bbox 1352 1922 1408 1990; x_wconf 67' lang='lat' dir='ltr'><strong>oti*</strong></span> <span class='ocrx_word' id='word_1_189' title='bbox 1431 1919 1623 2012; x_wconf 76' lang='grc' dir='ltr'><em>ὀλυμπιάδι</em></span> <span class='ocrx_word' id='word_1_190' title='bbox 1651 1934 1707 1992; x_wconf 88' lang='lat' dir='ltr'><strong>aut</strong></span> <span class='ocrx_word' id='word_1_191' title='bbox 1727 1927 1784 2015; x_wconf 89' lang='lat' dir='ltr'><strong>ig-</strong></span> 
     </span>
     <span class='ocr_line' id='line_1_19' title="bbox 146 2012 1809 2100; baseline 0.001 -22"><span class='ocrx_word' id='word_1_192' title='bbox 146 2013 329 2078; x_wconf 89' lang='lat' dir='ltr'><strong>norationis</strong></span> <span class='ocrx_word' id='word_1_193' title='bbox 353 2013 553 2079; x_wconf 89' lang='lat' dir='ltr'><strong>convincunt</strong></span> <span class='ocrx_word' id='word_1_194' title='bbox 576 2025 753 2097; x_wconf 78' lang='lat' dir='ltr'><strong>auctorem,</strong></span> <span class='ocrx_word' id='word_1_195' title='bbox 777 2021 833 2078; x_wconf 89' lang='lat' dir='ltr'><strong>aut</strong></span> <span class='ocrx_word' id='word_1_196' title='bbox 847 2013 1224 2100; x_wconf 88' lang='lat' dir='ltr'><strong>scripturaemendosae</strong></span> <span class='ocrx_word' id='word_1_197' title='bbox 1249 2016 1395 2099; x_wconf 89' lang='lat' dir='ltr'><strong>speciem</strong></span> <span class='ocrx_word' id='word_1_198' title='bbox 1419 2034 1500 2099; x_wconf 91' lang='lat' dir='ltr'><strong>prae</strong></span> <span class='ocrx_word' id='word_1_199' title='bbox 1513 2034 1552 2080; x_wconf 86' lang='lat' dir='ltr'><strong>se</strong></span> <span class='ocrx_word' id='word_1_200' title='bbox 1576 2015 1696 2080; x_wconf 88' lang='lat' dir='ltr'><strong>ierunt.</strong></span> <span class='ocrx_word' id='word_1_201' title='bbox 1710 2012 1809 2080; x_wconf 85' lang='lat' dir='ltr'><strong>Da-.</strong></span> 
     </span>
     <span class='ocr_line' id='line_1_20' title="bbox 145 2093 1785 2188; baseline -0.001 -22"><span class='ocrx_word' id='word_1_202' title='bbox 145 2101 227 2166; x_wconf 91' lang='lat' dir='ltr'><strong>rium</strong></span> <span class='ocrx_word' id='word_1_203' title='bbox 252 2100 424 2166; x_wconf 87' lang='lat' dir='ltr'><strong>animiam</strong></span> <span class='ocrx_word' id='word_1_204' title='bbox 450 2098 581 2186; x_wconf 83' lang='lat' dir='ltr'><strong>Olymp.</strong></span> <span class='ocrx_word' id='word_1_205' title='bbox 605 2103 659 2165; x_wconf 79' lang='lat' dir='ltr'><strong>ta.</strong></span> <span class='ocrx_word' id='word_1_206' title='bbox 682 2104 714 2165; x_wconf 83' lang='lat'><strong>4.</strong></span> <span class='ocrx_word' id='word_1_207' title='bbox 739 2093 836 2188; x_wconf 78' lang='grc' dir='ltr'><strong>(ογ)</strong></span> <span class='ocrx_word' id='word_1_208' title='bbox 866 2101 951 2167; x_wconf 88' lang='lat' dir='ltr'><strong>diem</strong></span> <span class='ocrx_word' id='word_1_209' title='bbox 982 2120 1167 2187; x_wconf 88' lang='lat' dir='ltr'><strong>supremum</strong></span> <span class='ocrx_word' id='word_1_210' title='bbox 1192 2102 1319 2169; x_wconf 88' lang='lat' dir='ltr'><strong>obiisse</strong></span> <span class='ocrx_word' id='word_1_211' title='bbox 1342 2096 1544 2188; x_wconf 58' lang='lat' dir='ltr'><strong>caustum).</strong></span> <span class='ocrx_word' id='word_1_212' title='bbox 1595 2101 1785 2168; x_wconf 84' lang='lat' dir='ltr'><strong>Levissima</strong></span> 
     </span>
     <span class='ocr_line' id='line_1_21' title="bbox 121 2179 1783 2275; baseline -0.002 -22"><span class='ocrx_word' id='word_1_213' title='bbox 121 2187 277 2254; x_wconf 74' lang='lat' dir='ltr'><strong>&#39;videtur</strong></span> <span class='ocrx_word' id='word_1_214' title='bbox 300 2205 381 2252; x_wconf 88' lang='lat' dir='ltr'><strong>esse</strong></span> <span class='ocrx_word' id='word_1_215' title='bbox 405 2184 626 2274; x_wconf 60' lang='lat' dir='ltr'><strong>ereuzeriffl)</strong></span> <span class='ocrx_word' id='word_1_216' title='bbox 657 2190 838 2275; x_wconf 81' lang='lat' dir='ltr'><strong>correctio,</strong></span> <span class='ocrx_word' id='word_1_217' title='bbox 866 2189 919 2272; x_wconf 81' lang='lat' dir='ltr'><strong>qui</strong></span> <span class='ocrx_word' id='word_1_218' title='bbox 942 2207 1002 2272; x_wconf 90' lang='lat' dir='ltr'><strong>pro</strong></span> <span class='ocrx_word' id='word_1_219' title='bbox 1027 2181 1083 2251; x_wconf 70' lang='grc' dir='ltr'><strong>σθ’</strong></span> <span class='ocrx_word' id='word_1_220' title='bbox 1115 2187 1325 2254; x_wconf 90' lang='lat' dir='ltr'><strong>scribendum</strong></span> <span class='ocrx_word' id='word_1_221' title='bbox 1348 2188 1484 2270; x_wconf 81' lang='lat' dir='ltr'><strong>¹censuit</strong></span> <span class='ocrx_word' id='word_1_222' title='bbox 1512 2179 1574 2262; x_wconf 69' lang='grc' dir='ltr'><strong>ξδ’.</strong></span> <span class='ocrx_word' id='word_1_223' title='bbox 1620 2184 1724 2268; x_wconf 78' lang='lat' dir='ltr'><strong>Quam</strong></span> <span class='ocrx_word' id='word_1_224' title='bbox 1752 2187 1783 2250; x_wconf 90' lang='lat' dir='ltr'><strong>si</strong></span> 
     </span>
     <span class='ocr_line' id='line_1_22' title="bbox 141 2272 1784 2362; baseline -0.002 -22"><span class='ocrx_word' id='word_1_225' title='bbox 141 2275 341 2362; x_wconf 81' lang='lat' dir='ltr'><strong>probaveris</strong></span> <span class='ocrx_word' id='word_1_226' title='bbox 365 2276 585 2342; x_wconf 88' lang='lat' dir='ltr'><strong>coniecturam</strong></span> <span class='ocrx_word' id='word_1_227' title='bbox 609 2275 673 2342; x_wconf 89' lang='lat' dir='ltr'><strong>hoc</strong></span> <span class='ocrx_word' id='word_1_228' title='bbox 695 2276 774 2341; x_wconf 89' lang='lat' dir='ltr'><strong>dicit</strong></span> <span class='ocrx_word' id='word_1_229' title='bbox 798 2274 938 2341; x_wconf 84' lang='lat' dir='ltr'><strong>Suidas:</strong></span> <span class='ocrx_word' id='word_1_230' title='bbox 971 2272 1157 2340; x_wconf 78' lang='lat' dir='ltr'><strong>Charopem</strong></span> <span class='ocrx_word' id='word_1_231' title='bbox 1189 2277 1250 2339; x_wconf 91' lang='lat' dir='ltr'><strong>sub</strong></span> <span class='ocrx_word' id='word_1_232' title='bbox 1279 2277 1403 2342; x_wconf 88' lang='lat' dir='ltr'><strong>initium</strong></span> <span class='ocrx_word' id='word_1_233' title='bbox 1431 2277 1535 2342; x_wconf 90' lang='lat' dir='ltr'><strong>lonici</strong></span> <span class='ocrx_word' id='word_1_234' title='bbox 1565 2274 1642 2341; x_wconf 90' lang='lat' dir='ltr'><strong>belli</strong></span> <span class='ocrx_word' id='word_1_235' title='bbox 1663 2274 1784 2338; x_wconf 81' lang='lat' dir='ltr'><strong>famam</strong></span> 
     </span>
     <span class='ocr_line' id='line_1_23' title="bbox 142 2355 1781 2452; baseline -0.003 -23"><span class='ocrx_word' id='word_1_236' title='bbox 142 2363 207 2429; x_wconf 88' lang='lat' dir='ltr'><strong>sibi</strong></span> <span class='ocrx_word' id='word_1_237' title='bbox 232 2362 393 2448; x_wconf 86' lang='lat' dir='ltr'><strong>colligere</strong></span> <span class='ocrx_word' id='word_1_238' title='bbox 423 2363 579 2447; x_wconf 89' lang='lat' dir='ltr'><strong>coepisse</strong></span> <span class='ocrx_word' id='word_1_239' title='bbox 611 2355 837 2446; x_wconf 78' lang='grc' dir='ltr'><em>(γενόμενος).</em></span> <span class='ocrx_word' id='word_1_240' title='bbox 869 2363 983 2426; x_wconf 89' lang='lat' dir='ltr'><strong>maiori</strong></span> <span class='ocrx_word' id='word_1_241' title='bbox 1006 2368 1114 2428; x_wconf 89' lang='lat' dir='ltr'><strong>autem</strong></span> <span class='ocrx_word' id='word_1_242' title='bbox 1136 2363 1244 2452; x_wconf 86' lang='lat' dir='ltr'><strong>gloria</strong></span> <span class='ocrx_word' id='word_1_243' title='bbox 1268 2365 1423 2440; x_wconf 83' lang='lat' dir='ltr'><strong>floruisse</strong></span> <span class='ocrx_word' id='word_1_244' title='bbox 1446 2364 1502 2429; x_wconf 93' lang='lat' dir='ltr'><strong>illo</strong></span> <span class='ocrx_word' id='word_1_245' title='bbox 1526 2369 1689 2446; x_wconf 91' lang='lat' dir='ltr'><strong>tempore,</strong></span> <span class='ocrx_word' id='word_1_246' title='bbox 1718 2374 1781 2444; x_wconf 84' lang='lat' dir='ltr'><strong>quo</strong></span> 
     </span>
     <span class='ocr_line' id='line_1_24' title="bbox 143 2437 1784 2538; baseline -0.005 -21"><span class='ocrx_word' id='word_1_247' title='bbox 143 2450 267 2517; x_wconf 84' lang='lat' dir='ltr'><strong>Graeci</strong></span> <span class='ocrx_word' id='word_1_248' title='bbox 291 2449 419 2514; x_wconf 86' lang='lat' dir='ltr'><strong>Persas</strong></span> <span class='ocrx_word' id='word_1_249' title='bbox 441 2448 528 2533; x_wconf 91' lang='lat' dir='ltr'><strong>apud</strong></span> <span class='ocrx_word' id='word_1_250' title='bbox 554 2447 756 2513; x_wconf 85' lang='lat' dir='ltr'><strong>Salaminem</strong></span> <span class='ocrx_word' id='word_1_251' title='bbox 780 2454 814 2512; x_wconf 90' lang='lat' dir='ltr'><strong>et</strong></span> <span class='ocrx_word' id='word_1_252' title='bbox 842 2449 1000 2513; x_wconf 86' lang='lat' dir='ltr'><strong>Plataeas</strong></span> <span class='ocrx_word' id='word_1_253' title='bbox 1022 2449 1169 2515; x_wconf 80' lang='lat' dir='ltr'><strong>fuderint</strong></span> <span class='ocrx_word' id='word_1_254' title='bbox 1199 2468 1239 2514; x_wconf 89' lang='lat' dir='ltr'><strong>ac</strong></span> <span class='ocrx_word' id='word_1_255' title='bbox 1268 2449 1463 2536; x_wconf 82' lang='lat' dir='ltr'><strong>fugaverint</strong></span> <span class='ocrx_word' id='word_1_256' title='bbox 1492 2447 1649 2538; x_wconf 78' lang='grc' dir='ltr'><em>(μάλλον</em></span> <span class='ocrx_word' id='word_1_257' title='bbox 1679 2446 1715 2511; x_wconf 75' lang='grc' dir='ltr'><strong>δὲ</strong></span> <span class='ocrx_word' id='word_1_258' title='bbox 1738 2437 1784 2527; x_wconf 80' lang='grc' dir='ltr'><strong>ἦν</strong></span> 
     </span>
     <span class='ocr_line' id='line_1_25' title="bbox 146 2527 1784 2620; baseline -0.004 -19"><span class='ocrx_word' id='word_1_259' title='bbox 146 2534 299 2601; x_wconf 78' lang='grc' dir='ltr'><em>ἐπὶτῶν</em></span> <span class='ocrx_word' id='word_1_260' title='bbox 321 2533 499 2614; x_wconf 82' lang='grc' dir='ltr'><em>Περσικῶν</em></span> <span class='ocrx_word' id='word_1_261' title='bbox 523 2556 552 2595; x_wconf 84' lang='grc' dir='ltr'><strong>ν.</strong></span> <span class='ocrx_word' id='word_1_262' title='bbox 582 2556 614 2596; x_wconf 84' lang='grc' dir='ltr'><strong>τ.</strong></span> <span class='ocrx_word' id='word_1_263' title='bbox 648 2527 702 2620; x_wconf 78' lang='grc' dir='ltr'><strong>λ.)</strong></span> <span class='ocrx_word' id='word_1_264' title='bbox 726 2532 780 2598; x_wconf 83' lang='lat' dir='ltr'><strong>Ex</strong></span> <span class='ocrx_word' id='word_1_265' title='bbox 802 2535 875 2599; x_wconf 92' lang='lat' dir='ltr'><strong>loco</strong></span> <span class='ocrx_word' id='word_1_266' title='bbox 903 2541 1011 2600; x_wconf 86' lang='lat' dir='ltr'><strong>autem</strong></span> <span class='ocrx_word' id='word_1_267' title='bbox 1040 2536 1093 2620; x_wconf 89' lang='lat' dir='ltr'><strong>qui</strong></span> <span class='ocrx_word' id='word_1_268' title='bbox 1119 2543 1172 2602; x_wconf 91' lang='lat' dir='ltr'><strong>est</strong></span> <span class='ocrx_word' id='word_1_269' title='bbox 1201 2537 1234 2600; x_wconf 92' lang='lat' dir='ltr'><strong>in</strong></span> <span class='ocrx_word' id='word_1_270' title='bbox 1265 2538 1323 2601; x_wconf 79' lang='lat' dir='ltr'><strong>vit.</strong></span> <span class='ocrx_word' id='word_1_271' title='bbox 1352 2537 1467 2602; x_wconf 84' lang='lat' dir='ltr'><strong>Them.</strong></span> <span class='ocrx_word' id='word_1_272' title='bbox 1499 2556 1527 2600; x_wconf 89' lang='grc' dir='ltr'><strong>ο.</strong></span> <span class='ocrx_word' id='word_1_273' title='bbox 1556 2537 1609 2599; x_wconf 75' lang='lat'><strong>2⁷.</strong></span> <span class='ocrx_word' id='word_1_274' title='bbox 1642 2535 1784 2601; x_wconf 77' lang='lat' dir='ltr'><strong>efficitur</strong></span> 
     </span>
     <span class='ocr_line' id='line_1_26' title="bbox 143 2619 1781 2711; baseline -0.002 -23"><span class='ocrx_word' id='word_1_275' title='bbox 143 2622 334 2688; x_wconf 78' lang='lat' dir='ltr'><strong>Charonem</strong></span> <span class='ocrx_word' id='word_1_276' title='bbox 357 2638 397 2684; x_wconf 95' lang='lat' dir='ltr'><strong>eo</strong></span> <span class='ocrx_word' id='word_1_277' title='bbox 420 2626 585 2706; x_wconf 86' lang='lat' dir='ltr'><strong>tempore,</strong></span> <span class='ocrx_word' id='word_1_278' title='bbox 617 2638 680 2704; x_wconf 85' lang='lat' dir='ltr'><strong>quo</strong></span> <span class='ocrx_word' id='word_1_279' title='bbox 710 2621 826 2689; x_wconf 87' lang='lat' dir='ltr'><strong>Xerxe</strong></span> <span class='ocrx_word' id='word_1_280' title='bbox 849 2627 976 2685; x_wconf 87' lang='lat' dir='ltr'><strong>mortuo</strong></span> <span class='ocrx_word' id='word_1_281' title='bbox 1000 2623 1211 2692; x_wconf 74' lang='lat' dir='ltr'><strong>Artaxerxes</strong></span> <span class='ocrx_word' id='word_1_282' title='bbox 1240 2642 1380 2711; x_wconf 88' lang='lat' dir='ltr'><strong>regnam</strong></span> <span class='ocrx_word' id='word_1_283' title='bbox 1410 2622 1603 2708; x_wconf 90' lang='lat' dir='ltr'><strong>occupavit,</strong></span> <span class='ocrx_word' id='word_1_284' title='bbox 1637 2619 1781 2686; x_wconf 91' lang='lat' dir='ltr'><strong>nondum</strong></span> 
     </span>
     <span class='ocr_line' id='line_1_27' title="bbox 144 2706 1783 2796; baseline -0.001 -23"><span class='ocrx_word' id='word_1_285' title='bbox 144 2708 336 2774; x_wconf 88' lang='lat' dir='ltr'><strong>absolvisse</strong></span> <span class='ocrx_word' id='word_1_286' title='bbox 359 2706 438 2771; x_wconf 90' lang='lat' dir='ltr'><strong>illud</strong></span> <span class='ocrx_word' id='word_1_287' title='bbox 462 2708 722 2796; x_wconf 67' lang='lat' dir='ltr'><strong>septumum</strong></span> <span class='ocrx_word' id='word_1_288' title='bbox 745 2728 827 2773; x_wconf 89' lang='lat' dir='ltr'><strong>usus</strong></span> <span class='ocrx_word' id='word_1_289' title='bbox 851 2713 904 2774; x_wconf 89' lang='lat' dir='ltr'><strong>est</strong></span> <span class='ocrx_word' id='word_1_290' title='bbox 927 2708 1142 2794; x_wconf 77' lang='lat' dir='ltr'><strong>Plutarchus,</strong></span> <span class='ocrx_word' id='word_1_291' title='bbox 1166 2712 1244 2775; x_wconf 92' lang='lat' dir='ltr'><strong>sive</strong></span> <span class='ocrx_word' id='word_1_292' title='bbox 1267 2712 1301 2774; x_wconf 91' lang='lat' dir='ltr'><strong>in</strong></span> <span class='ocrx_word' id='word_1_293' title='bbox 1324 2711 1474 2775; x_wconf 88' lang='lat' dir='ltr'><strong>Persicis</strong></span> <span class='ocrx_word' id='word_1_294' title='bbox 1498 2710 1574 2773; x_wconf 88' lang='lat' dir='ltr'><strong>sive</strong></span> <span class='ocrx_word' id='word_1_295' title='bbox 1602 2708 1636 2771; x_wconf 91' lang='lat' dir='ltr'><strong>in</strong></span> <span class='ocrx_word' id='word_1_296' title='bbox 1663 2707 1783 2774; x_wconf 88' lang='lat' dir='ltr'><strong>Helle·</strong></span> 
     </span>
     <span class='ocr_line' id='line_1_28' title="bbox 143 2792 1781 2884; baseline -0.002 -24"><span class='ocrx_word' id='word_1_297' title='bbox 143 2795 228 2861; x_wconf 85' lang='lat' dir='ltr'><strong>micis</strong></span> <span class='ocrx_word' id='word_1_298' title='bbox 251 2793 294 2859; x_wconf 89' lang='lat' dir='ltr'><strong>de</strong></span> <span class='ocrx_word' id='word_1_299' title='bbox 317 2793 550 2860; x_wconf 79' lang='lat' dir='ltr'><strong>Themistoclis</strong></span> <span class='ocrx_word' id='word_1_300' title='bbox 574 2795 655 2884; x_wconf 86' lang='lat' dir='ltr'><strong>iuga</strong></span> <span class='ocrx_word' id='word_1_301' title='bbox 679 2795 797 2883; x_wconf 86' lang='lat' dir='ltr'><strong>egisse</strong></span> <span class='ocrx_word' id='word_1_302' title='bbox 821 2792 1007 2861; x_wconf 75' lang='lat' dir='ltr'><strong>Charopem</strong></span> <span class='ocrx_word' id='word_1_303' title='bbox 1032 2798 1218 2862; x_wconf 82' lang='lat' dir='ltr'><strong>statuimus.</strong></span> <span class='ocrx_word' id='word_1_304' title='bbox 1266 2795 1336 2862; x_wconf 84' lang='lat' dir='ltr'><strong>Sed</strong></span> <span class='ocrx_word' id='word_1_305' title='bbox 1368 2797 1453 2862; x_wconf 86' lang='lat' dir='ltr'><strong>hanc</strong></span> <span class='ocrx_word' id='word_1_306' title='bbox 1482 2795 1682 2861; x_wconf 88' lang='lat' dir='ltr'><strong>sententiam</strong></span> <span class='ocrx_word' id='word_1_307' title='bbox 1709 2812 1781 2859; x_wconf 90' lang='lat' dir='ltr'><strong>cum</strong></span> 
     </span>
     <span class='ocr_line' id='line_1_29' title="bbox 139 2875 1783 2970; baseline -0.001 -23"><span class='ocrx_word' id='word_1_308' title='bbox 139 2875 224 2968; x_wconf 86' lang='lat' dir='ltr'><strong>illis,</strong></span> <span class='ocrx_word' id='word_1_309' title='bbox 246 2900 332 2965; x_wconf 85' lang='lat' dir='ltr'><strong>quae</strong></span> <span class='ocrx_word' id='word_1_310' title='bbox 356 2901 376 2946; x_wconf 93' lang='lat' dir='ltr'><strong>a</strong></span> <span class='ocrx_word' id='word_1_311' title='bbox 408 2879 514 2947; x_wconf 85' lang='lat' dir='ltr'><strong>Suida</strong></span> <span class='ocrx_word' id='word_1_312' title='bbox 547 2882 589 2949; x_wconf 96' lang='lat' dir='ltr'><strong>de</strong></span> <span class='ocrx_word' id='word_1_313' title='bbox 619 2880 785 2949; x_wconf 82' lang='lat' dir='ltr'><strong>Charonis</strong></span> <span class='ocrx_word' id='word_1_314' title='bbox 816 2889 927 2950; x_wconf 88' lang='lat' dir='ltr'><strong>aetate</strong></span> <span class='ocrx_word' id='word_1_315' title='bbox 958 2882 1079 2968; x_wconf 82' lang='lat' dir='ltr'><strong>tradita</strong></span> <span class='ocrx_word' id='word_1_316' title='bbox 1109 2891 1203 2970; x_wconf 89' lang='lat' dir='ltr'><strong>sunt,</strong></span> <span class='ocrx_word' id='word_1_317' title='bbox 1236 2890 1372 2968; x_wconf 88' lang='lat' dir='ltr'><strong>proter</strong></span> <span class='ocrx_word' id='word_1_318' title='bbox 1405 2885 1500 2947; x_wconf 88' lang='lat' dir='ltr'><strong>nimis</strong></span> <span class='ocrx_word' id='word_1_319' title='bbox 1529 2883 1663 2970; x_wconf 86' lang='lat' dir='ltr'><strong>longum</strong></span> <span class='ocrx_word' id='word_1_320' title='bbox 1692 2880 1783 2945; x_wconf 91' lang='lat' dir='ltr'><strong>vitae</strong></span> 
     </span>
     <span class='ocr_line' id='line_1_30' title="bbox 144 2905 1785 3058; baseline -0.005 -23"><span class='ocrx_word' id='word_1_321' title='bbox 144 2975 289 3056; x_wconf 86' lang='lat' dir='ltr'><strong>tempus,</strong></span> <span class='ocrx_word' id='word_1_322' title='bbox 313 2969 400 3053; x_wconf 84' lang='lat' dir='ltr'><strong>quod</strong></span> <span class='ocrx_word' id='word_1_323' title='bbox 425 2968 571 3035; x_wconf 85' lang='lat' dir='ltr'><strong>Charoni</strong></span> <span class='ocrx_word' id='word_1_324' title='bbox 590 2971 767 3055; x_wconf 77' lang='lat' dir='ltr'><strong>tribuatur,</strong></span> <span class='ocrx_word' id='word_1_325' title='bbox 791 2969 959 3035; x_wconf 88' lang='lat' dir='ltr'><strong>conciliari</strong></span> <span class='ocrx_word' id='word_1_326' title='bbox 970 2988 1073 3053; x_wconf 86' lang='lat' dir='ltr'><strong>posse</strong></span> <span class='ocrx_word' id='word_1_327' title='bbox 1097 2977 1223 3058; x_wconf 86' lang='lat' dir='ltr'><strong>negant</strong></span> <span class='ocrx_word' id='word_1_328' title='bbox 1236 2905 1330 3057; x_wconf 56' lang='grc' dir='ltr'><em>λίἓλλ,</em></span> <span class='ocrx_word' id='word_1_329' title='bbox 1353 2970 1406 3054; x_wconf 84' lang='lat' dir='ltr'><strong>qui</strong></span> <span class='ocrx_word' id='word_1_330' title='bbox 1426 2970 1605 3035; x_wconf 87' lang='lat' dir='ltr'><strong>Diodorum</strong></span> <span class='ocrx_word' id='word_1_331' title='bbox 1629 2965 1708 3056; x_wconf 84' lang='lat' dir='ltr'><strong>(lib.</strong></span> <span class='ocrx_word' id='word_1_332' title='bbox 1725 2964 1785 3029; x_wconf 88' lang='lat' dir='ltr'><strong>Xl.</strong></span> 
     </span>
     <span class='ocr_line' id='line_1_31' title="bbox 143 3050 1782 3142; baseline -0.002 -22"><span class='ocrx_word' id='word_1_333' title='bbox 143 3050 210 3138; x_wconf 82' lang='lat' dir='ltr'><strong>na]</strong></span> <span class='ocrx_word' id='word_1_334' title='bbox 235 3059 342 3122; x_wconf 89' lang='lat' dir='ltr'><strong>secuti</strong></span> <span class='ocrx_word' id='word_1_335' title='bbox 365 3056 513 3124; x_wconf 87' lang='lat' dir='ltr'><strong>Xerxem</strong></span> <span class='ocrx_word' id='word_1_336' title='bbox 537 3055 666 3142; x_wconf 80' lang='lat' dir='ltr'><strong>Olymp-</strong></span> <span class='ocrx_word' id='word_1_337' title='bbox 690 3060 744 3121; x_wconf 85' lang='lat'><strong>78.</strong></span> <span class='ocrx_word' id='word_1_338' title='bbox 769 3062 799 3120; x_wconf 80' lang='lat' dir='ltr'><strong>t.</strong></span> <span class='ocrx_word' id='word_1_339' title='bbox 823 3056 950 3122; x_wconf 89' lang='lat' dir='ltr'><strong>demum</strong></span> <span class='ocrx_word' id='word_1_340' title='bbox 977 3057 1046 3121; x_wconf 90' lang='lat' dir='ltr'><strong>vita</strong></span> <span class='ocrx_word' id='word_1_341' title='bbox 1070 3057 1266 3124; x_wconf 89' lang='lat' dir='ltr'><strong>decessisse</strong></span> <span class='ocrx_word' id='word_1_342' title='bbox 1291 3058 1501 3124; x_wconf 88' lang='lat' dir='ltr'><strong>contendunt.</strong></span> <span class='ocrx_word' id='word_1_343' title='bbox 1536 3055 1582 3119; x_wconf 87' lang='lat' dir='ltr'><strong>At</strong></span> <span class='ocrx_word' id='word_1_344' title='bbox 1605 3057 1634 3119; x_wconf 91' lang='lat' dir='ltr'><strong>si</strong></span> <span class='ocrx_word' id='word_1_345' title='bbox 1658 3071 1782 3119; x_wconf 89' lang='lat' dir='ltr'><strong>assen-</strong></span> 
     </span>
     <span class='ocr_line' id='line_1_32' title="bbox 144 3136 1783 3234; baseline -0.002 -28"><span class='ocrx_word' id='word_1_346' title='bbox 144 3141 241 3206; x_wconf 88' lang='lat' dir='ltr'><strong>timur</strong></span> <span class='ocrx_word' id='word_1_347' title='bbox 264 3148 443 3228; x_wconf 88' lang='lat' dir='ltr'><strong>temporum</strong></span> <span class='ocrx_word' id='word_1_348' title='bbox 468 3143 682 3229; x_wconf 88' lang='lat' dir='ltr'><strong>descriptioni</strong></span> <span class='ocrx_word' id='word_1_349' title='bbox 706 3136 945 3231; x_wconf 56' lang='lat' dir='ltr'><strong>Kruegerist),</strong></span> <span class='ocrx_word' id='word_1_350' title='bbox 977 3144 1096 3227; x_wconf 86' lang='lat' dir='ltr'><strong>quide</strong></span> <span class='ocrx_word' id='word_1_351' title='bbox 1126 3163 1235 3210; x_wconf 88' lang='lat' dir='ltr'><strong>rerum</strong></span> <span class='ocrx_word' id='word_1_352' title='bbox 1264 3153 1436 3234; x_wconf 88' lang='lat' dir='ltr'><strong>gestarum</strong></span> <span class='ocrx_word' id='word_1_353' title='bbox 1465 3163 1550 3230; x_wconf 89' lang='lat' dir='ltr'><strong>quae</strong></span> <span class='ocrx_word' id='word_1_354' title='bbox 1577 3143 1664 3208; x_wconf 89' lang='lat' dir='ltr'><strong>inter</strong></span> <span class='ocrx_word' id='word_1_355' title='bbox 1696 3138 1783 3204; x_wconf 89' lang='lat' dir='ltr'><strong>bella</strong></span> 
     </span>
     <span class='ocr_line' id='line_1_33' title="bbox 144 3225 1783 3316; baseline -0.002 -22"><span class='ocrx_word' id='word_1_356' title='bbox 144 3228 286 3294; x_wconf 88' lang='lat' dir='ltr'><strong>Persica</strong></span> <span class='ocrx_word' id='word_1_357' title='bbox 315 3238 349 3296; x_wconf 90' lang='lat' dir='ltr'><strong>et</strong></span> <span class='ocrx_word' id='word_1_358' title='bbox 377 3232 495 3297; x_wconf 89' lang='lat' dir='ltr'><strong>bellum</strong></span> <span class='ocrx_word' id='word_1_359' title='bbox 532 3231 850 3316; x_wconf 88' lang='lat' dir='ltr'><strong>Peloponnesiacum</strong></span> <span class='ocrx_word' id='word_1_360' title='bbox 883 3232 1077 3297; x_wconf 89' lang='lat' dir='ltr'><strong>interiectae</strong></span> <span class='ocrx_word' id='word_1_361' title='bbox 1112 3238 1189 3297; x_wconf 90' lang='lat' dir='ltr'><strong>sunt</strong></span> <span class='ocrx_word' id='word_1_362' title='bbox 1218 3232 1461 3299; x_wconf 88' lang='lat' dir='ltr'><strong>continuatione</strong></span> <span class='ocrx_word' id='word_1_363' title='bbox 1490 3229 1656 3315; x_wconf 86' lang='lat' dir='ltr'><strong>serieque,</strong></span> <span class='ocrx_word' id='word_1_364' title='bbox 1683 3225 1783 3292; x_wconf 89' lang='lat' dir='ltr'><strong>valde</strong></span> 
     </span>
     <span class='ocr_line' id='line_1_34' title="bbox 146 3317 1785 3408; baseline -0.002 -27"><span class='ocrx_word' id='word_1_365' title='bbox 146 3317 340 3382; x_wconf 87' lang='lat' dir='ltr'><strong>conturbata</strong></span> <span class='ocrx_word' id='word_1_366' title='bbox 377 3325 476 3403; x_wconf 88' lang='lat' dir='ltr'><strong>atque</strong></span> <span class='ocrx_word' id='word_1_367' title='bbox 505 3318 675 3402; x_wconf 83' lang='lat' dir='ltr'><strong>impedita,</strong></span> <span class='ocrx_word' id='word_1_368' title='bbox 708 3317 965 3405; x_wconf 85' lang='lat' dir='ltr'><strong>diligentissime</strong></span> <span class='ocrx_word' id='word_1_369' title='bbox 995 3326 1029 3383; x_wconf 90' lang='lat' dir='ltr'><strong>et</strong></span> <span class='ocrx_word' id='word_1_370' title='bbox 1057 3319 1330 3408; x_wconf 85' lang='lat' dir='ltr'><strong>ingeniosissime</strong></span> <span class='ocrx_word' id='word_1_371' title='bbox 1361 3318 1532 3402; x_wconf 86' lang='lat' dir='ltr'><strong>disseruit,</strong></span> <span class='ocrx_word' id='word_1_372' title='bbox 1563 3333 1630 3380; x_wconf 90' lang='lat' dir='ltr'><strong>non</strong></span> <span class='ocrx_word' id='word_1_373' title='bbox 1656 3332 1697 3382; x_wconf 90' lang='lat' dir='ltr'><strong>ea</strong></span> <span class='ocrx_word' id='word_1_374' title='bbox 1720 3332 1785 3379; x_wconf 86' lang='lat' dir='ltr'><strong>ex·</strong></span> 
     </span>
    </p>
   </div>
   <div class='ocr_carea' id='block_1_5' title="bbox 21 3401 1894 3493">
    <p class='ocr_par' dir='ltr' id='par_1_6' title="bbox 21 3401 1894 3493">
     <span class='ocr_line' id='line_1_35' title="bbox 21 3401 1894 3493; baseline -0.003 -24"><span class='ocrx_word' id='word_1_375' title='bbox 21 3487 24 3490; x_wconf 18' lang='grc' dir='ltr'>Ι</span> <span class='ocrx_word' id='word_1_376' title='bbox 144 3403 234 3469; x_wconf 89' lang='lat' dir='ltr'><strong>sistit</strong></span> <span class='ocrx_word' id='word_1_377' title='bbox 256 3405 376 3470; x_wconf 89' lang='lat' dir='ltr'><strong>aetatis</strong></span> <span class='ocrx_word' id='word_1_378' title='bbox 398 3405 644 3493; x_wconf 84' lang='lat' dir='ltr'><strong>longinquitas,</strong></span> <span class='ocrx_word' id='word_1_379' title='bbox 668 3423 754 3488; x_wconf 85' lang='lat' dir='ltr'><strong>quae</strong></span> <span class='ocrx_word' id='word_1_380' title='bbox 778 3411 943 3493; x_wconf 85' lang='lat' dir='ltr'><strong>repugnet</strong></span> <span class='ocrx_word' id='word_1_381' title='bbox 966 3410 1170 3473; x_wconf 86' lang='lat' dir='ltr'><strong>sententiae:</strong></span> <span class='ocrx_word' id='word_1_382' title='bbox 1195 3401 1383 3471; x_wconf 77' lang='lat' dir='ltr'><strong>charouem</strong></span> <span class='ocrx_word' id='word_1_383' title='bbox 1407 3405 1571 3469; x_wconf 88' lang='lat' dir='ltr'><strong>etiamtum</strong></span> <span class='ocrx_word' id='word_1_384' title='bbox 1595 3402 1726 3475; x_wconf 84' lang='lat' dir='ltr'><strong>vixisse</strong></span> <span class='ocrx_word' id='word_1_385' title='bbox 1750 3404 1784 3464; x_wconf 88' lang='lat' dir='ltr'><strong>et</strong></span> <span class='ocrx_word' id='word_1_386' title='bbox 1891 3447 1894 3455; x_wconf 87' lang='grc'><strong>.</strong></span> 
     </span>
    </p>
   </div>
   <div class='ocr_carea' id='block_1_6' title="bbox 59 3486 1868 4366">
    <p class='ocr_par' dir='ltr' id='par_1_7' title="bbox 59 3486 1868 4366">
     <span class='ocr_line' id='line_1_36' title="bbox 142 3486 1784 3580; baseline -0.002 -25"><span class='ocrx_word' id='word_1_387' title='bbox 142 3489 304 3555; x_wconf 89' lang='lat' dir='ltr'><strong>historiae</strong></span> <span class='ocrx_word' id='word_1_388' title='bbox 328 3491 527 3558; x_wconf 86' lang='lat' dir='ltr'><strong>scribendae</strong></span> <span class='ocrx_word' id='word_1_389' title='bbox 550 3510 686 3576; x_wconf 90' lang='lat' dir='ltr'><strong>operam</strong></span> <span class='ocrx_word' id='word_1_390' title='bbox 709 3491 859 3558; x_wconf 88' lang='lat' dir='ltr'><strong>dedisse.</strong></span> <span class='ocrx_word' id='word_1_391' title='bbox 904 3494 1054 3578; x_wconf 88' lang='lat' dir='ltr'><strong>Namque</strong></span> <span class='ocrx_word' id='word_1_392' title='bbox 1077 3514 1120 3561; x_wconf 92' lang='lat' dir='ltr'><strong>ex</strong></span> <span class='ocrx_word' id='word_1_393' title='bbox 1150 3493 1319 3580; x_wconf 87' lang='lat' dir='ltr'><strong>Kruegeri</strong></span> <span class='ocrx_word' id='word_1_394' title='bbox 1347 3499 1527 3574; x_wconf 90' lang='lat' dir='ltr'><strong>temporum</strong></span> <span class='ocrx_word' id='word_1_395' title='bbox 1558 3486 1784 3574; x_wconf 88' lang='lat' dir='ltr'><strong>descriptione</strong></span> 
     </span>
     <span class='ocr_line' id='line_1_37' title="bbox 142 3568 1781 3670; baseline -0.002 -28"><span class='ocrx_word' id='word_1_396' title='bbox 142 3577 280 3643; x_wconf 88' lang='lat' dir='ltr'><strong>Xerxes</strong></span> <span class='ocrx_word' id='word_1_397' title='bbox 304 3583 450 3645; x_wconf 91' lang='lat' dir='ltr'><strong>mortuos</strong></span> <span class='ocrx_word' id='word_1_398' title='bbox 474 3586 527 3644; x_wconf 88' lang='lat' dir='ltr'><strong>est</strong></span> <span class='ocrx_word' id='word_1_399' title='bbox 550 3578 680 3664; x_wconf 78' lang='lat' dir='ltr'><strong>olymp.</strong></span> <span class='ocrx_word' id='word_1_400' title='bbox 697 3580 852 3645; x_wconf 78' lang='lat' dir='ltr'><strong>76.3vel</strong></span> <span class='ocrx_word' id='word_1_401' title='bbox 874 3585 914 3670; x_wconf 79' lang='lat'><strong>43</strong></span> <span class='ocrx_word' id='word_1_402' title='bbox 937 3599 1024 3645; x_wconf 92' lang='lat' dir='ltr'><strong>anno</strong></span> <span class='ocrx_word' id='word_1_403' title='bbox 1040 3588 1117 3667; x_wconf 91' lang='lat' dir='ltr'><strong>pot</strong></span> <span class='ocrx_word' id='word_1_404' title='bbox 1128 3579 1371 3647; x_wconf 85' lang='lat' dir='ltr'><strong>Themistocles</strong></span> <span class='ocrx_word' id='word_1_405' title='bbox 1386 3577 1429 3642; x_wconf 91' lang='lat' dir='ltr'><strong>ad</strong></span> <span class='ocrx_word' id='word_1_406' title='bbox 1442 3596 1558 3666; x_wconf 90' lang='lat' dir='ltr'><strong>regem</strong></span> <span class='ocrx_word' id='word_1_407' title='bbox 1575 3568 1781 3664; x_wconf 55' lang='lat' dir='ltr'><strong>profugitffi)</strong></span> 
     </span>
     <span class='ocr_line' id='line_1_38' title="bbox 144 3662 1784 3753; baseline -0.003 -24"><span class='ocrx_word' id='word_1_408' title='bbox 144 3662 240 3744; x_wconf 79' lang='lat' dir='ltr'><strong>Quae</strong></span> <span class='ocrx_word' id='word_1_409' title='bbox 264 3683 362 3748; x_wconf 84' lang='lat' dir='ltr'><strong>quum</strong></span> <span class='ocrx_word' id='word_1_410' title='bbox 386 3665 431 3731; x_wconf 89' lang='lat' dir='ltr'><strong>ita</strong></span> <span class='ocrx_word' id='word_1_411' title='bbox 454 3667 531 3753; x_wconf 87' lang='lat' dir='ltr'><strong>sint,</strong></span> <span class='ocrx_word' id='word_1_412' title='bbox 555 3668 634 3732; x_wconf 91' lang='lat' dir='ltr'><strong>nihil</strong></span> <span class='ocrx_word' id='word_1_413' title='bbox 658 3667 803 3752; x_wconf 89' lang='lat' dir='ltr'><strong>impedit,</strong></span> <span class='ocrx_word' id='word_1_414' title='bbox 828 3669 999 3750; x_wconf 76' lang='lat' dir='ltr'><strong>nilominus</strong></span> <span class='ocrx_word' id='word_1_415' title='bbox 1023 3670 1186 3734; x_wconf 91' lang='lat' dir='ltr'><strong>etiamtum</strong></span> <span class='ocrx_word' id='word_1_416' title='bbox 1201 3663 1387 3731; x_wconf 81' lang='lat' dir='ltr'><strong>Charopem</strong></span> <span class='ocrx_word' id='word_1_417' title='bbox 1410 3665 1445 3729; x_wconf 90' lang='lat' dir='ltr'><strong>in</strong></span> <span class='ocrx_word' id='word_1_418' title='bbox 1457 3665 1606 3729; x_wconf 88' lang='lat' dir='ltr'><strong>historiis</strong></span> <span class='ocrx_word' id='word_1_419' title='bbox 1630 3662 1784 3729; x_wconf 90' lang='lat' dir='ltr'><strong>scriben-</strong></span> 
     </span>
     <span class='ocr_line' id='line_1_39' title="bbox 144 3752 1782 3840; baseline -0.004 -25"><span class='ocrx_word' id='word_1_420' title='bbox 144 3752 197 3816; x_wconf 88' lang='lat' dir='ltr'><strong>dis</strong></span> <span class='ocrx_word' id='word_1_421' title='bbox 221 3753 455 3817; x_wconf 88' lang='lat' dir='ltr'><strong>elaboravisse</strong></span> <span class='ocrx_word' id='word_1_422' title='bbox 479 3755 663 3821; x_wconf 87' lang='lat' dir='ltr'><strong>credamus.</strong></span> <span class='ocrx_word' id='word_1_423' title='bbox 687 3790 731 3802; x_wconf 90' lang='lat'>—</span> <span class='ocrx_word' id='word_1_424' title='bbox 776 3753 908 3821; x_wconf 88' lang='lat' dir='ltr'><strong>Deinde</strong></span> <span class='ocrx_word' id='word_1_425' title='bbox 932 3755 1017 3840; x_wconf 86' lang='lat' dir='ltr'><strong>quod</strong></span> <span class='ocrx_word' id='word_1_426' title='bbox 1041 3755 1159 3820; x_wconf 91' lang='lat' dir='ltr'><strong>attinet</strong></span> <span class='ocrx_word' id='word_1_427' title='bbox 1181 3752 1223 3817; x_wconf 90' lang='lat' dir='ltr'><strong>ad</strong></span> <span class='ocrx_word' id='word_1_428' title='bbox 1248 3770 1300 3817; x_wconf 88' lang='lat' dir='ltr'><strong>ma</strong></span> <span class='ocrx_word' id='word_1_429' title='bbox 1329 3772 1401 3818; x_wconf 90' lang='lat' dir='ltr'><strong>num</strong></span> <span class='ocrx_word' id='word_1_430' title='bbox 1424 3752 1580 3817; x_wconf 90' lang='lat' dir='ltr'><strong>librorum</strong></span> <span class='ocrx_word' id='word_1_431' title='bbox 1603 3763 1782 3831; x_wconf 86' lang='lat' dir='ltr'><strong>numerum,</strong></span> 
     </span>
     <span class='ocr_line' id='line_1_40' title="bbox 143 3772 1782 3928; baseline -0.005 -24"><span class='ocrx_word' id='word_1_432' title='bbox 143 3839 271 3922; x_wconf 85' lang='lat' dir='ltr'><strong>qualem</strong></span> <span class='ocrx_word' id='word_1_433' title='bbox 295 3840 429 3906; x_wconf 87' lang='lat' dir='ltr'><strong>exhibet</strong></span> <span class='ocrx_word' id='word_1_434' title='bbox 454 3837 596 3928; x_wconf 84' lang='lat' dir='ltr'><strong>Soidas,</strong></span> <span class='ocrx_word' id='word_1_435' title='bbox 624 3842 811 3908; x_wconf 81' lang='lat' dir='ltr'><strong>Charopem</strong></span> <span class='ocrx_word' id='word_1_436' title='bbox 836 3848 951 3907; x_wconf 87' lang='lat' dir='ltr'><strong>contra</strong></span> <span class='ocrx_word' id='word_1_437' title='bbox 974 3843 1095 3908; x_wconf 85' lang='lat' dir='ltr'><strong>aetatis</strong></span> <span class='ocrx_word' id='word_1_438' title='bbox 1119 3858 1201 3905; x_wconf 89' lang='lat' dir='ltr'><strong>suae</strong></span> <span class='ocrx_word' id='word_1_439' title='bbox 1224 3772 1367 3906; x_wconf 68' lang='grc' dir='ltr'><em>λιιιλολοιιι</em></span> <span class='ocrx_word' id='word_1_440' title='bbox 1391 3839 1586 3924; x_wconf 87' lang='lat' dir='ltr'><strong>scriptorem</strong></span> <span class='ocrx_word' id='word_1_441' title='bbox 1609 3831 1782 3900; x_wconf 87' lang='lat' dir='ltr'><strong>admodum</strong></span> 
     </span>
     <span class='ocr_line' id='line_1_41' title="bbox 59 3917 1868 4015; baseline -0.004 -26"><span class='ocrx_word' id='word_1_442' title='bbox 59 4008 62 4015; x_wconf 82' lang='lat'><strong>.</strong></span> <span class='ocrx_word' id='word_1_443' title='bbox 142 3923 337 3991; x_wconf 82' lang='lat' dir='ltr'><strong>foecundum</strong></span> <span class='ocrx_word' id='word_1_444' title='bbox 359 3927 689 3995; x_wconf 85' lang='lat' dir='ltr'><strong>inissestatoendom</strong></span> <span class='ocrx_word' id='word_1_445' title='bbox 712 3922 879 4015; x_wconf 77' lang='lat' dir='ltr'><strong>esset²⁶),</strong></span> <span class='ocrx_word' id='word_1_446' title='bbox 903 3931 932 3995; x_wconf 91' lang='lat' dir='ltr'><strong>si</strong></span> <span class='ocrx_word' id='word_1_447' title='bbox 950 3927 1076 3994; x_wconf 81' lang='lat' dir='ltr'><strong>Saldae</strong></span> <span class='ocrx_word' id='word_1_448' title='bbox 1100 3927 1213 3995; x_wconf 86' lang='lat' dir='ltr'><strong>verbis</strong></span> <span class='ocrx_word' id='word_1_449' title='bbox 1237 3934 1333 3997; x_wconf 88' lang='lat' dir='ltr'><strong>esset</strong></span> <span class='ocrx_word' id='word_1_450' title='bbox 1356 3927 1485 3992; x_wconf 91' lang='lat' dir='ltr'><strong>omnino</strong></span> <span class='ocrx_word' id='word_1_451' title='bbox 1508 3922 1593 3988; x_wconf 88' lang='lat' dir='ltr'><strong>fides</strong></span> <span class='ocrx_word' id='word_1_452' title='bbox 1617 3917 1782 3986; x_wconf 90' lang='lat' dir='ltr'><strong>habenda.</strong></span> <span class='ocrx_word' id='word_1_453' title='bbox 1865 3926 1868 3933; x_wconf 82' lang='grc'>’</span> 
     </span>
     <span class='ocr_line' id='line_1_42' title="bbox 143 4006 1784 4108; baseline -0.004 -32"><span class='ocrx_word' id='word_1_454' title='bbox 143 4011 188 4076; x_wconf 84' lang='lat' dir='ltr'><strong>nt</strong></span> <span class='ocrx_word' id='word_1_455' title='bbox 218 4013 317 4078; x_wconf 91' lang='lat' dir='ltr'><strong>multa</strong></span> <span class='ocrx_word' id='word_1_456' title='bbox 340 4021 427 4100; x_wconf 89' lang='lat' dir='ltr'><strong>sunt,</strong></span> <span class='ocrx_word' id='word_1_457' title='bbox 452 4033 537 4100; x_wconf 85' lang='lat' dir='ltr'><strong>quae</strong></span> <span class='ocrx_word' id='word_1_458' title='bbox 560 4013 781 4100; x_wconf 87' lang='lat' dir='ltr'><strong>suspicionem</strong></span> <span class='ocrx_word' id='word_1_459' title='bbox 807 4024 962 4085; x_wconf 91' lang='lat' dir='ltr'><strong>moveant</strong></span> <span class='ocrx_word' id='word_1_460' title='bbox 985 4022 1019 4082; x_wconf 89' lang='lat' dir='ltr'><strong>et</strong></span> <span class='ocrx_word' id='word_1_461' title='bbox 1042 4014 1286 4082; x_wconf 90' lang='lat' dir='ltr'><strong>dubitationem.</strong></span> <span class='ocrx_word' id='word_1_462' title='bbox 1311 4011 1410 4080; x_wconf 84' lang='lat' dir='ltr'><strong>Subit</strong></span> <span class='ocrx_word' id='word_1_463' title='bbox 1432 4012 1517 4077; x_wconf 88' lang='lat' dir='ltr'><strong>enim</strong></span> <span class='ocrx_word' id='word_1_464' title='bbox 1540 4008 1681 4073; x_wconf 87' lang='lat' dir='ltr'><strong>animum</strong></span> <span class='ocrx_word' id='word_1_465' title='bbox 1697 4006 1784 4108; x_wconf 79' lang='lat' dir='ltr'><strong>haec</strong></span> 
     </span>
     <span class='ocr_line' id='line_1_43' title="bbox 143 4095 1783 4190; baseline -0.005 -26"><span class='ocrx_word' id='word_1_466' title='bbox 143 4101 306 4184; x_wconf 87' lang='lat' dir='ltr'><strong>suspicio:</strong></span> <span class='ocrx_word' id='word_1_467' title='bbox 336 4101 473 4169; x_wconf 78' lang='lat' dir='ltr'><strong>Suidam</strong></span> <span class='ocrx_word' id='word_1_468' title='bbox 500 4104 723 4190; x_wconf 88' lang='lat' dir='ltr'><strong>posteriorum</strong></span> <span class='ocrx_word' id='word_1_469' title='bbox 752 4100 939 4170; x_wconf 75' lang='lat' dir='ltr'><strong>Charopum</strong></span> <span class='ocrx_word' id='word_1_470' title='bbox 969 4104 1072 4169; x_wconf 92' lang='lat' dir='ltr'><strong>libros</strong></span> <span class='ocrx_word' id='word_1_471' title='bbox 1101 4122 1173 4169; x_wconf 91' lang='lat' dir='ltr'><strong>cum</strong></span> <span class='ocrx_word' id='word_1_472' title='bbox 1203 4101 1369 4168; x_wconf 81' lang='lat' dir='ltr'><strong>Charonis</strong></span> <span class='ocrx_word' id='word_1_473' title='bbox 1397 4095 1618 4180; x_wconf 84' lang='lat' dir='ltr'><strong>Lampsaceni</strong></span> <span class='ocrx_word' id='word_1_474' title='bbox 1647 4099 1783 4177; x_wconf 86' lang='lat' dir='ltr'><strong>scrrptrs</strong></span> 
     </span>
     <span class='ocr_line' id='line_1_44' title="bbox 142 4179 1782 4277; baseline -0.005 -26"><span class='ocrx_word' id='word_1_475' title='bbox 142 4187 402 4272; x_wconf 84' lang='lat' dir='ltr'><strong>permiscuisse.</strong></span> <span class='ocrx_word' id='word_1_476' title='bbox 452 4192 536 4257; x_wconf 89' lang='lat' dir='ltr'><strong>Nam</strong></span> <span class='ocrx_word' id='word_1_477' title='bbox 575 4197 711 4276; x_wconf 88' lang='lat' dir='ltr'><strong>praeter</strong></span> <span class='ocrx_word' id='word_1_478' title='bbox 747 4189 935 4259; x_wconf 74' lang='lat' dir='ltr'><strong>Charonem</strong></span> <span class='ocrx_word' id='word_1_479' title='bbox 963 4193 1226 4277; x_wconf 85' lang='lat' dir='ltr'><strong>Lampsacenum</strong></span> <span class='ocrx_word' id='word_1_480' title='bbox 1255 4189 1462 4253; x_wconf 86' lang='lat' dir='ltr'><strong>nominantur</strong></span> <span class='ocrx_word' id='word_1_481' title='bbox 1495 4182 1564 4249; x_wconf 91' lang='lat' dir='ltr'><strong>duo</strong></span> <span class='ocrx_word' id='word_1_482' title='bbox 1595 4179 1782 4264; x_wconf 75' lang='lat' dir='ltr'><strong>Charonea,</strong></span> 
     </span>
     <span class='ocr_line' id='line_1_45' title="bbox 140 4266 1782 4366; baseline -0.005 -28"><span class='ocrx_word' id='word_1_483' title='bbox 140 4293 251 4340; x_wconf 90' lang='lat' dir='ltr'><strong>rerum</strong></span> <span class='ocrx_word' id='word_1_484' title='bbox 275 4277 469 4365; x_wconf 88' lang='lat' dir='ltr'><strong>scriptores,</strong></span> <span class='ocrx_word' id='word_1_485' title='bbox 491 4280 576 4346; x_wconf 91' lang='lat' dir='ltr'><strong>alter</strong></span> <span class='ocrx_word' id='word_1_486' title='bbox 600 4275 965 4365; x_wconf 67' lang='lat' dir='ltr'><strong>Carthaginiensis20),</strong></span> <span class='ocrx_word' id='word_1_487' title='bbox 988 4280 1073 4346; x_wconf 87' lang='lat' dir='ltr'><strong>alter</strong></span> <span class='ocrx_word' id='word_1_488' title='bbox 1096 4267 1359 4366; x_wconf 54' lang='lat' dir='ltr'><strong>Naucratitalsl.</strong></span> <span class='ocrx_word' id='word_1_489' title='bbox 1383 4271 1466 4338; x_wconf 87' lang='lat' dir='ltr'><strong>Turn</strong></span> <span class='ocrx_word' id='word_1_490' title='bbox 1483 4269 1627 4338; x_wconf 88' lang='lat' dir='ltr'><strong>suntalii</strong></span> <span class='ocrx_word' id='word_1_491' title='bbox 1652 4266 1782 4354; x_wconf 84' lang='lat' dir='ltr'><strong>quidam</strong></span> 
     </span>
    </p>
   </div>
   <div class='ocr_carea' id='block_1_7' title="bbox 120 4442 1782 4799">
    <p class='ocr_par' dir='ltr' id='par_1_8' title="bbox 120 4442 1782 4799">
     <span class='ocr_line' id='line_1_46' title="bbox 302 4442 1782 4515; baseline -0.002 -16"><span class='ocrx_word' id='word_1_492' title='bbox 302 4447 340 4508; x_wconf 84' lang='lat'><strong>¹⁷)</strong></span> <span class='ocrx_word' id='word_1_493' title='bbox 359 4453 437 4502; x_wconf 85' lang='lat' dir='ltr'><strong>Dion.</strong></span> <span class='ocrx_word' id='word_1_494' title='bbox 454 4452 512 4502; x_wconf 78' lang='lat' dir='ltr'><strong>Hal.</strong></span> <span class='ocrx_word' id='word_1_495' title='bbox 535 4455 612 4515; x_wconf 83' lang='lat' dir='ltr'><strong>epist.</strong></span> <span class='ocrx_word' id='word_1_496' title='bbox 631 4454 664 4500; x_wconf 87' lang='lat' dir='ltr'><strong>ad</strong></span> <span class='ocrx_word' id='word_1_497' title='bbox 687 4452 737 4505; x_wconf 84' lang='lat' dir='ltr'><strong>cn.</strong></span> <span class='ocrx_word' id='word_1_498' title='bbox 756 4454 846 4514; x_wconf 85' lang='lat' dir='ltr'><strong>Pomp.</strong></span> <span class='ocrx_word' id='word_1_499' title='bbox 872 4456 905 4503; x_wconf 86' lang='lat' dir='ltr'><strong>do</strong></span> <span class='ocrx_word' id='word_1_500' title='bbox 921 4467 1008 4515; x_wconf 80' lang='lat' dir='ltr'><strong>praee.</strong></span> <span class='ocrx_word' id='word_1_501' title='bbox 1036 4455 1098 4504; x_wconf 88' lang='lat' dir='ltr'><strong>hist.</strong></span> <span class='ocrx_word' id='word_1_502' title='bbox 1124 4467 1152 4511; x_wconf 82' lang='lat' dir='ltr'><strong>p.</strong></span> <span class='ocrx_word' id='word_1_503' title='bbox 1177 4442 1238 4500; x_wconf 79' lang='grc'><strong>769.</strong></span> <span class='ocrx_word' id='word_1_504' title='bbox 1261 4448 1368 4496; x_wconf 77' lang='lat' dir='ltr'><strong>Beisko.</strong></span> <span class='ocrx_word' id='word_1_505' title='bbox 1408 4444 1441 4508; x_wconf 80' lang='lat'><strong>¹⁸)</strong></span> <span class='ocrx_word' id='word_1_506' title='bbox 1459 4447 1621 4511; x_wconf 83' lang='lat' dir='ltr'><strong>Do-malign.</strong></span> <span class='ocrx_word' id='word_1_507' title='bbox 1640 4444 1738 4495; x_wconf 83' lang='lat' dir='ltr'><strong>Herod.</strong></span> <span class='ocrx_word' id='word_1_508' title='bbox 1755 4458 1782 4505; x_wconf 81' lang='lat' dir='ltr'><strong>p.</strong></span> 
     </span>
     <span class='ocr_line' id='line_1_47' title="bbox 140 4511 1782 4584; baseline -0.005 -16"><span class='ocrx_word' id='word_1_509' title='bbox 140 4512 200 4570; x_wconf 74' lang='lat'><strong>859.</strong></span> <span class='ocrx_word' id='word_1_510' title='bbox 218 4521 254 4571; x_wconf 80' lang='lat' dir='ltr'><strong>A.</strong></span> <span class='ocrx_word' id='word_1_511' title='bbox 295 4516 781 4581; x_wconf 69' lang='grc' dir='ltr'><strong>19)Ί“ειτιιλλλιιιιιε(λιεειιλιιιοο.4λλ.</strong></span> <span class='ocrx_word' id='word_1_512' title='bbox 819 4512 1470 4583; x_wconf 69' lang='lat' dir='ltr'><strong>¹⁰)cltnt.rmr.n011.pag.28.od.1truoger.</strong></span> <span class='ocrx_word' id='word_1_513' title='bbox 1506 4511 1680 4584; x_wconf 77' lang='lat' dir='ltr'><strong>¹¹)-Crouzor</strong></span> <span class='ocrx_word' id='word_1_514' title='bbox 1688 4512 1782 4576; x_wconf 78' lang='lat' dir='ltr'><strong>fragm.</strong></span> 
     </span>
     <span class='ocr_line' id='line_1_48' title="bbox 140 4573 1782 4656; baseline -0.002 -27"><span class='ocrx_word' id='word_1_515' title='bbox 140 4585 201 4639; x_wconf 75' lang='lat' dir='ltr'><strong>hiat.</strong></span> <span class='ocrx_word' id='word_1_516' title='bbox 220 4602 261 4653; x_wconf 78' lang='lat' dir='ltr'><strong>gr.</strong></span> <span class='ocrx_word' id='word_1_517' title='bbox 279 4585 368 4653; x_wconf 75' lang='lat' dir='ltr'><strong>psa.</strong></span> <span class='ocrx_word' id='word_1_518' title='bbox 404 4586 439 4649; x_wconf 86' lang='lat'><strong>¹¹)</strong></span> <span class='ocrx_word' id='word_1_519' title='bbox 459 4587 573 4639; x_wconf 69' lang='lat' dir='ltr'><strong>Oreuaor</strong></span> <span class='ocrx_word' id='word_1_520' title='bbox 589 4592 609 4642; x_wconf 85' lang='lat' dir='ltr'><strong>l.</strong></span> <span class='ocrx_word' id='word_1_521' title='bbox 627 4592 685 4654; x_wconf 91' lang='lat' dir='ltr'><strong>l.p</strong></span> <span class='ocrx_word' id='word_1_522' title='bbox 716 4585 759 4642; x_wconf 82' lang='lat'><strong>95.</strong></span> <span class='ocrx_word' id='word_1_523' title='bbox 797 4586 831 4650; x_wconf 81' lang='lat'><strong>¹⁸)</strong></span> <span class='ocrx_word' id='word_1_524' title='bbox 849 4594 882 4640; x_wconf 82' lang='lat' dir='ltr'><strong>X.</strong></span> <span class='ocrx_word' id='word_1_525' title='bbox 900 4591 947 4642; x_wconf 88' lang='lat' dir='ltr'><strong>W.</strong></span> <span class='ocrx_word' id='word_1_526' title='bbox 965 4592 1085 4656; x_wconf 79' lang='lat' dir='ltr'><strong>Krueger</strong></span> <span class='ocrx_word' id='word_1_527' title='bbox 1103 4585 1460 4651; x_wconf 74' lang='lat' dir='ltr'><strong>historisch-philologiseho</strong></span> <span class='ocrx_word' id='word_1_528' title='bbox 1486 4582 1595 4631; x_wconf 81' lang='lat' dir='ltr'><strong>Studien</strong></span> <span class='ocrx_word' id='word_1_529' title='bbox 1613 4595 1639 4640; x_wconf 92' lang='lat' dir='ltr'><strong>p.</strong></span> <span class='ocrx_word' id='word_1_530' title='bbox 1663 4573 1707 4630; x_wconf 77' lang='grc'><strong>30.</strong></span> <span class='ocrx_word' id='word_1_531' title='bbox 1726 4591 1782 4637; x_wconf 78' lang='lat' dir='ltr'><strong>seq.</strong></span> 
     </span>
     <span class='ocr_line' id='line_1_49' title="bbox 120 4651 1780 4779; baseline -0.007 -72"><span class='ocrx_word' id='word_1_532' title='bbox 120 4674 128 4693; x_wconf 68' lang='grc' dir='ltr'><em>ι</em></span> <span class='ocrx_word' id='word_1_533' title='bbox 296 4654 431 4721; x_wconf 61' lang='grc' dir='ltr'><em>’λλῖλιιια</em></span> <span class='ocrx_word' id='word_1_534' title='bbox 449 4659 470 4707; x_wconf 91' lang='lat' dir='ltr'><strong>l.</strong></span> <span class='ocrx_word' id='word_1_535' title='bbox 494 4652 555 4711; x_wconf 76' lang='lat'><strong>137.</strong></span> <span class='ocrx_word' id='word_1_536' title='bbox 565 4655 647 4713; x_wconf 74' lang='lat' dir='ltr'><strong>”Avo</strong></span> <span class='ocrx_word' id='word_1_537' title='bbox 665 4660 797 4730; x_wconf 77' lang='grc' dir='ltr'><em>ἐσπέμπει</em></span> <span class='ocrx_word' id='word_1_538' title='bbox 815 4657 956 4730; x_wconf 75' lang='grc' dir='ltr'><em>γράμματα</em></span> <span class='ocrx_word' id='word_1_539' title='bbox 974 4655 1009 4711; x_wconf 81' lang='grc' dir='ltr'><strong>ῶε</strong></span> <span class='ocrx_word' id='word_1_540' title='bbox 1022 4654 1143 4779; x_wconf 67' lang='grc' dir='ltr'><strong>ιβασιλέα</strong></span> <span class='ocrx_word' id='word_1_541' title='bbox 1161 4651 1344 4721; x_wconf 73' lang='grc' dir='ltr'><em>Ἀρταξέρξην</em></span> <span class='ocrx_word' id='word_1_542' title='bbox 1365 4651 1413 4704; x_wconf 85' lang='grc' dir='ltr'><strong>τάν</strong></span> <span class='ocrx_word' id='word_1_543' title='bbox 1435 4653 1534 4717; x_wconf 80' lang='grc' dir='ltr'><em>Ξέρξου</em></span> <span class='ocrx_word' id='word_1_544' title='bbox 1558 4653 1677 4701; x_wconf 72' lang='lat' dir='ltr'><strong>armori</strong></span> <span class='ocrx_word' id='word_1_545' title='bbox 1700 4653 1780 4715; x_wconf 79' lang='grc' dir='ltr'><em>βασι·</em></span> 
     </span>
     <span class='ocr_line' id='line_1_50' title="bbox 139 4718 1416 4799; baseline 0.001 -27"><span class='ocrx_word' id='word_1_546' title='bbox 139 4718 257 4779; x_wconf 67' lang='lat' dir='ltr'><strong>cluna.</strong></span> <span class='ocrx_word' id='word_1_547' title='bbox 295 4724 330 4784; x_wconf 71' lang='lat' dir='ltr'><strong>”l</strong></span> <span class='ocrx_word' id='word_1_548' title='bbox 347 4728 457 4778; x_wconf 81' lang='lat' dir='ltr'><strong>Mueller</strong></span> <span class='ocrx_word' id='word_1_549' title='bbox 475 4728 492 4780; x_wconf 87' lang='lat' dir='ltr'><strong>l.</strong></span> <span class='ocrx_word' id='word_1_550' title='bbox 511 4729 529 4780; x_wconf 94' lang='lat' dir='ltr'><strong>l.</strong></span> <span class='ocrx_word' id='word_1_551' title='bbox 548 4728 686 4792; x_wconf 46' lang='lat' dir='ltr'><strong>psxvll⁴</strong></span> <span class='ocrx_word' id='word_1_552' title='bbox 725 4730 763 4799; x_wconf 59' lang='grc' dir='ltr'><strong>Ἃ)</strong></span> <span class='ocrx_word' id='word_1_553' title='bbox 779 4733 860 4784; x_wconf 79' lang='lat' dir='ltr'><strong>vm.</strong></span> <span class='ocrx_word' id='word_1_554' title='bbox 876 4731 895 4781; x_wconf 90' lang='lat' dir='ltr'><strong>l.</strong></span> <span class='ocrx_word' id='word_1_555' title='bbox 910 4731 929 4781; x_wconf 88' lang='lat' dir='ltr'><strong>l.</strong></span> <span class='ocrx_word' id='word_1_556' title='bbox 944 4742 971 4790; x_wconf 72' lang='lat' dir='ltr'><strong>p,</strong></span> <span class='ocrx_word' id='word_1_557' title='bbox 988 4723 1049 4780; x_wconf 78' lang='grc'><strong>41.</strong></span> <span class='ocrx_word' id='word_1_558' title='bbox 1087 4723 1220 4788; x_wconf 70' lang='lat' dir='ltr'><strong>’&#39;lvoss.</strong></span> <span class='ocrx_word' id='word_1_559' title='bbox 1237 4726 1256 4775; x_wconf 94' lang='lat' dir='ltr'><strong>l.</strong></span> <span class='ocrx_word' id='word_1_560' title='bbox 1274 4722 1337 4784; x_wconf 83' lang='lat' dir='ltr'><strong>hp.</strong></span> <span class='ocrx_word' id='word_1_561' title='bbox 1355 4719 1416 4773; x_wconf 82' lang='lat' dir='ltr'><strong>tto.</strong></span> 
     </span>
    </p>
   </div>
   <div class='ocr_carea' id='block_1_8' title="bbox 0 0 1997 5144">
    <p class='ocr_par' dir='ltr' id='par_1_9' title="bbox 0 0 1997 5144">
     <span class='ocr_line' id='line_1_51' title="bbox 0 0 1997 5144; baseline 0 0"><span class='ocrx_word' id='word_1_562' title='bbox 0 0 1997 5144; x_wconf 95' lang='lat' dir='ltr'><strong> </strong></span> 
     </span>
    </p>
   </div>
  </div>
 </body>
</html>
