3982 5144
954 307 990 369 ’Β

151 545 223 593 ren
241 522 352 588 ίιισὶοο
379 516 558 584 memmiae
582 514 809 600 prodiderant.
856 511 928 579 Sed
957 513 1252 600 operaepretium
1283 521 1338 580 est
1366 517 1543 601 rationem,
1567 537 1668 604 uuam
1690 520 1802 590 inierit

152 608 368 687 Plutarchum,
387 598 505 690 parcis
521 611 709 688 exponere
756 600 972 685 Thucydides
983 618 1102 686 ⁴(paam
1116 601 1315 687 scripsisset
1341 604 1435 668 initia
1465 604 1691 696 digressionis
1710 601 1801 699 'suh

82 716 85 720 ·
153 701 182 769 ι,
200 691 306 780 185),
332 692 405 758 Τοῦ
427 688 464 756 dd
487 687 667 775 μηδισμοῦ
690 690 753 752 σου
777 687 984 754 Παυσανίου
1006 681 1280 772 Λακεραιμόνιοι
1304 690 1464 776 πρέσβεις
1487 691 1683 776 πέμφανσες
1706 689 1801 782 παραὶ
1849 722 1856 733 ·
1909 754 1913 761 ,

93 848 96 853 ,
155 778 238 855 wig
260 775 476 866 Ἀθρναίους
490 782 673 863 turcum
685 776 811 841 amuco
834 780 891 840 καλ
912 769 977 840 σου
996 774 1235 860 Θεμιστοκλέα,
1252 776 1801 852 haevocetouerruccroiodutlur-

156 880 250 940 mse
272 873 454 934 commotas
478 867 563 932 haec
586 866 629 930 ah
651 865 716 929 alio
734 858 960 949 scriptorem)
994 872 1123 949 sumpta
1147 863 1259 930 addit:
1290 865 1464 933 Leohoten
1495 858 1666 952 quemdam
1690 870 1801 939 Athe·

155 961 302 1026 niensem
330 953 528 1040 proditionis
554 953 779 1018 accusavisse
802 950 1073 1040 Themistoclem,
1097 951 1175 1017 dicit
1206 951 1291 1018 enim
1312 971 1343 1017 c.
1371 957 1431 1019 ηε
1455 946 1501 1019 ‘0
1521 953 1560 1019 di
1581 951 1800 1044 γραψάμενος
1826 984 1836 1019 ·-

154 1036 264 1112 aoth
287 1040 476 1124 προδοσίας
499 1032 688 1123 Λεωβάτης
710 1029 756 1119 ἦν
779 1030 1008 1121 Ἀλκμαίωνος
1029 1030 1284 1124 Ἀγραείληθσν,
1299 1040 1346 1105 ‘iis
1371 1040 1559 1132 adiungens
1583 1039 1654 1128 ἅμα
1670 1067 1799 1109 συνε-

20 1193 25 1201 ,
154 1127 464 1213 παινιαμένων
486 1126 568 1191 τῶν
591 1123 889 1208 Σπαρσιοισών.
919 1125 1001 1191 Tum
1019 1129 1125 1193 verba
1148 1146 1234 1212 quae
1257 1130 1548 1217 sequunturapud
1571 1132 1800 1217 Thucydidem

155 1213 198 1290 ὥς
222 1216 382 1301 σαίρεσκον
407 1219 442 1279 ἐκ
465 1215 535 1279 τῶν
559 1217 638 1296 περὶ
661 1210 869 1282 Παυσανίαν
892 1211 1035 1298 ἐλέγχων
1057 1213 1257 1280 Plutarchus
1278 1215 1424 1282 eundem
1445 1223 1629 1303 auctorem,
1658 1226 1694 1284 ut
1721 1220 1799 1285 licet

155 1308 339 1383 conticere,
363 1309 500 1369 secutis
524 1300 631 1366 fusius
647 1301 820 1385 '‘latiusque
842 1301 987 1386 explicat
998 1299 1070 1365 his:
1094 1300 1361 1389 Themistoclem,
1385 1321 1482 1388 quum
1498 1306 1669 1372 exsularet
1681 1309 1798 1395 Argis,

154 1414 176 1460 a
195 1391 369 1459 Pausania
388 1389 435 1454 ad
457 1389 600 1456 sceleris
622 1391 816 1455 societatem
840 1388 960 1452 litteris
984 1389 1156 1453 invitatum
1170 1387 1371 1473 repudiasse
1383 1391 1514 1475 quidem
1537 1393 1592 1456 illa
1617 1393 1660 1459 de
1685 1394 1798 1478 oppri-

54 1522 56 1527 <
155 1479 277 1551 menda
302 1478 445 1544 Graecia
467 1476 616 1553 coasilia,
640 1474 783 1541 sednon
798 1475 987 1540 indicasse:
1016 1470 1180 1558 Οὕτω-δή
1204 1475 1273 1538 που
1297 1475 1503 1540 Παυσανίου
1525 1479 1800 1551 θανατωθέντος

154 1563 333 1632 ἐπιστολαί
353 1586 448 1634 τινες
471 1555 709 1645 comportatum
731 1567 787 1627 καὶ
809 1555 1000 1647 γράμματα
1024 1568 1102 1645 περὶ
1130 1556 1264 1626 τούτων
1295 1564 1343 1634 εἰς
1365 1557 1525 1646 ὑποψίαν
1548 1565 1714 1651 ἐνέβαλον
1736 1559 1801 1630 κέν
1828 1632 1830 1637 ⁴

158 1651 397 1736 Θεμιστοκλέα.
444 1649 572 1731 Quihus
601 1658 775 1734 pasturum
804 1651 925 1714 adiecit
953 1649 1208 1716 Themistoclem
1240 1652 1404 1738 purgandi
1438 1654 1489 1717 sni
1519 1670 1644 1719 caussa
1667 1655 1798 1720 litteras

26 1727 37 1790 ‘‚
155 1741 292 1810 misisse
316 1739 576 1821 memoravimus
590 1737 818 1822 Thucydidem
833 1744 973 1804 >secatus
991 1737 1032 1801 ah
1056 1737 1319 1805 Atheniensibus
1345 1738 1507 1825 homines,
1532 1742 1585 1824 qui
1608 1741 1800 1808 Themistu-

114 1872 118 1884 .
155 1830 238 1895 clem
260 1846 350 1892 reum
371 1824 713 1912 comprehenderent,
746 1826 869 1890 missas
888 1842 973 1891 esse
996 1823 1081 1890 haec
1104 1824 1310 1926 Thucydidis
1325 1829 1439 1892 'verba
1461 1819 1482 1889 o‘
1504 1824 1540 1891 dd
1569 1826 1798 1911 Θεμιστοκλῆς

156 1905 435 1998 προαισθόμενος
460 1908 576 1996 φεύγει
600 1916 635 1974 ἐκ
661 1905 935 1993 Πελοποννήσου
958 1916 992 1981 ἐς
1016 1909 1207 1994 Κέρκυραν,
1231 1934 1279 1974 αν
1303 1905 1418 1976 ariscio
1447 1905 1622 1999 εὐεργέτης
1650 1917 1701 1980 sic
1724 1913 1799 1979 fere
1857 1968 1862 1974 .
1953 1997 1955 2004 4

155 2002 198 2071 ad
221 2001 357 2067 verbum
382 2001 552 2084 expressit
576 1997 669 2085 (vitu
683 1999 798 2065 Them.
820 2018 849 2064 c.
872 1993 951 2082 24].
976 1997 1019 2061 Π
1024 1997 1207 2080 ροαισθό
1217 2022 1347 2081 μενος
1362 1993 1392 2062 ‹l'
1410 2005 1535 2071 ἐκεῖνος
1558 2004 1605 2072 εἰς
1619 2001 1800 2084 Κέρκυραν

157 2086 365 2170 διεπέρασεν,
391 2082 527 2166 caloae
552 2079 664 2168 ακῖοῷ
689 2079 793 2170 προς
816 2082 894 2166 τήν
922 2080 1053 2167 πόλιν
1075 2078 1334 2170 εὐεργεσίας,
1362 2106 1470 2173 neque
1494 2090 1601 2153 omisit
1630 2089 1799 2174 explicare

155 2173 318 2260 utromodo
339 2173 581 2239 Themistocles
606 2171 649 2240 de
674 2172 877 2258 Corcyraeis
898 2175 987 2239 hene
1009 2167 1260 2257 meruissem).
1407 2219 1413 2230 .

241 2272 246 2284 ⁵
312 2262 468 2325 Narratio
505 2280 590 2344 qnae
627 2261 780 2346 sequitur
814 2258 857 2326 de
889 2258 1122 2327 Themistoclis
1157 2260 1239 2350 iuga
1274 2279 1295 2325 a
1324 2260 1475 2347 Corcyra
1504 2265 1546 2328 ad
1575 2263 1797 2328 Molossorum

150 2366 271 2438 regem
293 2349 342 2412 ita
365 2352 419 2414 est
441 2356 640 2433 comparatu,
665 2355 709 2434 ut,
734 2349 885 2431 quamvis
908 2349 941 2412 in
966 2348 1109 2437 singuiis
1133 2349 1248 2413 verhis
1270 2347 1476 2433 Thucydidis
1502 2351 1648 2440 vestigia
1672 2349 1797 2434 depre-

153 2436 324 2511 henderis,
346 2433 557 2500 Plutarchum
580 2437 657 2500 aliis
681 2453 811 2517 qnoque
827 2436 896 2498 seri
920 2435 1250 2522 toribusdiligenter
1272 2456 1366 2501 usam
1387 2437 1581 2505 esseiacile
1595 2453 1795 2525 cognoscas.

154 2522 200 2589 Et
219 2525 296 2607 ipse
319 2521 536 2605 Plutarchus,
565 2526 599 2585 ut
622 2521 799 2586 memoriae
822 2456 996 2608 prodlrret,
1020 2525 1108 2588 inter
1131 2541 1240 2588 rerum
1263 2524 1447 2608 scriptores
1478 2524 1563 2590 hanc
1585 2522 1796 2591 intercedere

155 2609 431 2691 controversiam,
454 2613 561 2672 utrum
585 2607 827 2674 Themistocles
851 2608 1015 2678 suadente
1035 2610 1173 2696 regina,
1196 2612 1242 2675 uti
1261 2610 1475 2695 Thucydides
1498 2618 1626 2699 narrat,
1649 2629 1692 2676 an
1711 2624 1808 2721 rege*
1892 2606 1895 2618 '

156 2700 293 2763 anctore
315 2714 356 2760 se
378 2713 453 2761 cnm
476 2693 542 2760 filio
566 2695 718 2786 regiain
740 2697 923 2761 sacrarium
936 2699 1145 2781 proiecisset,
1170 2696 1297 2763 diserte
1320 2697 1463 2763 addidit:
1482 2692 1620 2762 Ἔνιοι
1636 2702 1710 2780 μὲν
1732 2718 1797 2760 σου

165 2778 283 2847 Φθίαν
305 2773 373 2863 τήν
387 2790 539 2863 γυναῖκα
563 2781 815 2868 σουῑβασιλέυς
837 2780 1208 2868 λένουσινκίποθέσθαι
1234 2785 1281 2846 coi
1310 2783 1541 2868 Θεμιστοκλεῖ
1557 2781 1599 2849 cd
1622 2783 1796 2867 ἱκέτευμα,

155 2870 267 2940 σανίς
298 2863 327 2933 d'
353 2861 465 2934 αὐτόν
501 2863 566 2935 κᾶν
593 2865 791 2954 Ἄδμητον.
842 2871 881 2936 ln
903 2872 965 2958 iis,
989 2875 1044 2958 qui
1061 2871 1272 2958 ‘intelligendi
1302 2881 1379 2937 suut
1400 2872 1454 2939 llis
1478 2875 1593 2939 verbis
1616 2875 1730 2942 crude
1754 2869 1796 2937 dh

157 2955 411 3024 Stesimhrotum
432 2957 543 3024 fuisse
566 2959 673 3024 facilis
697 2964 752 3025 est
773 2961 974 3025 coniectura.
996 2961 1094 3027 Hunc
1117 2960 1202 3025 enim
1227 2968 1361 3025 secutus
1385 2962 1495 3028 statim
1519 2968 1596 3045 post
1618 2960 1673 3024 illa
1690 2960 1796 3025 verba

155 3041 256 3110 tradit
277 3044 490 3130 Themistocli
514 3064 671 3113 auxonam
694 3047 885 3130 liberosque
908 3047 951 3111 ah
968 3049 1072 3113 arnico
1088 3044 1227 3128 quodam
1246 3047 1393 3112 Athenis
1407 3048 1448 3113 ad
1474 3047 1648 3114 Admetum
1671 3049 1794 3110 missos

156 3148 237 3197 esse
259 3149 366 3214 neque
389 3138 505 3217 potest
523 3141 711 3218 ternperare
744 3135 822 3199 sihi·
840 3134 917 3218 quin
944 3135 1170 3200 ‘namahonem
1195 3134 1366 3217 qnamdam
1390 3137 1509 3203 afferat
1532 3133 1679 3201 eiusdem
1712 3131 1795 3199 Ste-

93 3216 95 3224 '
159 3217 318 3301 simhroti,
343 3222 397 3302 qui
420 3221 606 3306 scripserat
627 3220 883 3288 Themistoclem
906 3222 941 3286 in
964 3220 1111 3288 Siciliam
1147 3220 1189 3283 ad
1220 3221 1399 3287 Hieronem
1426 3223 1510 3287 clam
1542 3221 1728 3309 navigasse
1752 3220 1794 3285 ah

156 3323 262 3388 eoque
284 3307 442 3394 petiisse,
465 3315 501 3372 nt
524 3308 620 3373 srliam
644 3309 708 3372 sihi
731 3310 764 3372 in
786 3310 1022 3375 matrimonium
1048 3308 1145 3373 daret
1175 3326 1237 3394 spe
1266 3308 1463 3393 interposita
1485 3308 1564 3388 sore
1582 3313 1617 3374 ut
1642 3306 1792 3374 Graecos
1875 3309 1881 3315 “
1930 3301 1935 3307 ’
1973 3284 1978 3288 ’

18 3411 25 3422 ’
59 3399 61 3401 ’
156 3393 218 3460 sah
241 3393 314 3458 eius
338 3394 511 3481 redigeret
534 3400 743 3481 patestatem.
761 3393 865 3476 Quam
887 3393 1100 3462 Stesimhroti
1116 3400 1340 3461 narrationem
1363 3402 1398 3458 ut
1415 3394 1639 3483 redargueret
1654 3393 1794 3460 refelle-

155 3491 272 3564 ratque
294 3479 492 3547 Plutarchus
524 3503 622 3567 quum
652 3482 874 3568 Theophrasti
905 3483 1149 3550 narratiuncula
1179 3480 1318 3566 quadam
1347 3489 1412 3547 tum
1441 3479 1664 3568 Thucydidis,
1697 3494 1793 3565 quent

75 3645 80 3651 ἡ
155 3566 314 3634 hocloco
340 3569 474 3651 primum
497 3573 658 3656 nominat,
682 3590 765 3635 usus
787 3579 843 3636 est
865 3572 1060 3642 auctoritate
1083 3588 1123 3636 ac
1146 3569 1222 3648 tide.
1268 3568 1351 3634 Eius
1375 3574 1440 3634 tum
1464 3571 1623 3659 vestigiis
1647 3568 1794 3656 diligen·

155 3661 207 3721 ter
229 3655 355 3721 insistit
377 3653 493 3722 iisdem
518 3659 653 3742 saepius
684 3658 800 3725 verbis
824 3679 906 3725 usus
933 3659 967 3724 in
997 3660 1037 3722 iis
1069 3657 1285 3740 enarrandis,
1307 3673 1403 3740 ’ροσε
1431 3654 1644 3723 Themistocli
1677 3656 1792 3719 Asiam

154 3745 279 3826 petenti
308 3745 343 3807 in
372 3762 472 3808 cursu
502 3763 563 3828 per
597 3765 688 3812 mare
717 3745 891 3835 Aegaeum
921 3747 1105 3813 evenerint.
1158 3743 1230 3811 Sed
1264 3744 1306 3808 ah
1342 3742 1406 3808 huc
1439 3744 1517 3810 inde
1552 3746 1623 3809 loco
1655 3743 1792 3807 aliorum

154 3831 262 3916 magis
275 3837 410 3896 secutus
422 3836 477 3896 est
489 3835 675 3898 sententias
687 3833 775 3899 haud
793 3835 863 3898 scio
875 3852 918 3899 an
942 3831 1144 3909 incommodo
1169 3850 1229 3895 suo
1253 3848 1293 3895 ac
1310 3830 1517 3899 detrimento.
1541 3832 1685 3895 Primum
1705 3826 1791 3891 enim

154 3913 314 3982 dissentit
335 3937 356 3982 a
378 3917 574 4003 Thucydide
596 3918 793 3989 denomino
816 3922 927 4009 urhis,
951 3922 1004 3987 uhi
1026 3918 1269 3985 Themistocles
1293 3920 1326 3983 iu
1350 3924 1473 3986 terram
1496 3913 1696 3983 escenderit.
1719 3912 1792 3978 Ne-

69 4001 96 4020 ‘'
153 4004 265 4156 {lecto
290 4005 495 4092 Thucydidis
532 4007 717 4072 testimonio
755 4009 897 4076 dicentis
925 4006 1180 4093 Themistoclem
1211 4005 1381 4091 Ephesum
1409 4006 1563 4088 uenisse,
1594 3999 1791 4088 Plutarchus

23 4100 27 4109 “
101 4176 104 4180 ι
183 4094 511 4179 umas,Aeolicarusr
529 4095 655 4160 urbium
674 4095 920 4163 celeberrimam
937 4097 1091 4177 nominat,
1116 4095 1253 4179 patriam
1267 4088 1390 4178 Ephori
1414 4109 1522 4157 rerum
1547 4082 1792 4174 scriptorisu).

152 4176 207 4243 Ex
232 4200 296 4263 quo
320 4188 354 4246 et
374 4180 461 4248 hanc
485 4201 554 4248 rem
580 4188 613 4253 et
637 4187 790 4266 portenta
820 4185 876 4249 ilia
899 4203 939 4250 ac
962 4184 1105 4268 somnia,
1130 4200 1215 4265 quae
1238 4186 1413 4266 praeterea
1437 4195 1466 4243 c.
1499 4180 1544 4243 26
1573 4182 1702 4256 narrat,
1731 4174 1794 4240 de-

156 4310 464 4323 mum

314 4368 346 4430 l²)
364 4373 399 4420 Et
416 4374 466 4420 hoc
490 4376 549 4423 luco
568 4379 595 4423 et
612 4376 717 4436 saepius
740 4376 766 4422 iu
793 4375 914 4434 iis'quae
937 4381 1081 4436 sequuntur
1103 4371 1269 4421 Plutarchum
1302 4355 1503 4420 scrutum'esse
1525 4367 1647 4417 Phaniam
1671 4366 1792 4415 Erosium

153 4440 282 4500 aruspicor.
321 4440 388 4488 Vide
406 4454 471 4500 quae
488 4444 555 4493 intra
572 4445 604 4492 da
621 4445 719 4492 Phania
736 4444 867 4504 disputata
885 4451 955 4496 sunt.
1336 4454 1337 4457 ’

312 4505 346 4571 ¹⁸)
366 4509 523 4559 Plutarchus
542 4513 740 4561 Themistoclem
757 4513 880 4562 arbitrum
898 4515 957 4562 clim
975 4515 1070 4561 facturn
1089 4513 1140 4560 titis
1160 4510 1268 4558 alicuius
1279 4507 1502 4558 interocrinthios
1521 4512 1547 4555 ct
1560 4507 1723 4562 Corcyraeos
1736 4516 1791 4552 rem
1865 4549 1868 4552 .

154 4575 186 4622 ad
202 4576 338 4627 utilitatem
356 4578 562 4637 corcyraeorum
580 4584 743 4642 disceptasse
761 4585 917 4632 auctorest.
954 4583 1050 4632 Contra
1069 4580 1216 4630 Scholiasta
1239 4579 1275 4626 hd
1294 4577 1381 4628 Thuc.
1399 4577 1443 4627 lib.
1462 4578 1486 4628 l.
1506 4570 1566 4626 136.
1591 4572 1791 4636 Themistoclem

153 4642 211 4692 idac
230 4646 280 4696 dici
297 4650 364 4697 haue
381 4649 498 4697 meritum
517 4649 549 4697 de
567 4649 721 4708 Corcyraeis
739 4656 829 4701 hamat
854 4653 965 4712 quadis
983 4651 1209 4712 pmhihulssatne
1226 4648 1379 4708 punirentur
1389 4644 1539 4711 Corcyraei,
1558 4643 1627 4702 quod
1645 4640 1792 4690 defuissent

154 4708 261 4787 Graecis
278 4716 305 4764 in
324 4718 391 4767 bello
408 4718 524 4779 Persico.
545 4716 587 4769 ci.
605 4717 701 4771 lluod.
720 4719 784 4773 vu.
801 4684 863 4772 atla.
886 4717 915 4783 ⁸⁴)
933 4719 984 4771 ct.
1003 4727 1069 4778 quae
1087 4718 1153 4766 intra
1171 4717 1205 4765 de
1220 4717 1342 4778 Ephoro
1361 4713 1559 4775 disputabimus.

1395 4867 1397 4870 .
1489 4794 1507 4847 T
