3982 5144
964 318 1005 382 15

879 404 1091 424 *tr—n—

156 529 343 597 severitate
373 525 650 611 interpretandis,
675 526 707 591 in
731 525 974 610 persequendis
1002 524 1276 610 excutiendisque
1306 527 1407 592 rebus
1435 529 1604 616 omnibus,
1634 549 1719 616 quac
1742 539 1799 600 aut

157 618 362 703 pertinerent
384 612 426 678 ad
450 612 595 679 locorum
617 611 888 700 descriptionem,
917 612 1038 678 autad
1062 612 1198 678 deorum
1222 612 1356 701 cultum,
1386 612 1428 680 ad
1459 616 1608 682 instituta
1625 621 1797 709 maiorum,

157 704 200 771 ad
225 704 353 768 litteras
376 706 535 784 artesque
558 707 761 785 spectarent
1196 741 1199 746 -
1336 733 1339 744 ι
1545 707 1547 712 ·

315 787 367 853 En
390 787 425 851 hi
448 795 537 874 sunt,
561 806 695 871 quorum
718 787 792 853 libri
815 779 980 859 Ἀτθίδες
1002 787 1200 852 vocitantur.
1235 783 1330 868 Quod
1358 808 1476 856 nomen
1500 792 1608 877 ipsine
1637 794 1701 857 iam
1734 795 1798 859 At-

158 876 278 944 thidum
290 877 474 962 scriptores
499 877 741 959 usurpaverint,
765 894 807 939 an
820 876 1024 963 grammatici
1048 880 1166 959 postea
1189 875 1502 964 commendaverint,
1526 897 1570 946 ex
1587 879 1797 968 fragmentis,

158 983 241 1052 quae
264 969 406 1030 aetatem
430 963 590 1042 tulerunt,
613 964 684 1029 erui
707 982 773 1028 non
797 969 927 1049 potest,
951 961 1013 1028 sed
1031 968 1145 1027 tamen
1175 966 1265 1045 prior
1295 965 1462 1029 sententia
1493 971 1547 1030 est
1575 967 1797 1053 verisimilior,

158 1051 307 1138 quoniam
330 1050 550 1133 antiquissimi
573 1069 696 1136 eorum,
720 1051 773 1133 qni
798 1047 954 1115 Atthides
978 1053 1137 1133 atterunt,
1162 1044 1345 1136 Strabo⁴⁴J
1364 1055 1403 1116 et
1434 1051 1617 1138 Dionysius
1643 1054 1798 1121 Halicar-

157 1131 393 1223 nassensis⁴⁶)
418 1156 459 1203 eo
484 1142 616 1203 utuntur
638 1138 778 1201 nomine.

315 1224 457 1291 Dicendi
480 1244 606 1312 genus,
636 1223 814 1288 adhibitum
838 1225 878 1288 ab
903 1222 1072 1288 Atthidum
1095 1223 1331 1309 scriptoribus,
1360 1226 1449 1291 axile
1481 1226 1588 1293 fuisse
1618 1247 1658 1293 ac
1686 1234 1797 1314 tenue,

149 1314 243 1400 quod
267 1313 424 1378 lectorum
448 1313 575 1377 animos
600 1330 713 1394 piarum
740 1311 888 1377 alliceret
917 1309 1137 1376 delectatione
1160 1310 1300 1393 quadam
1331 1329 1371 1375 ac
1389 1313 1584 1398 voluptate,
1605 1321 1672 1378 tum
1701 1314 1799 1403 frag-

157 1408 267 1468 menta
291 1400 506 1483 comprobant
529 1399 613 1463 satis
638 1399 746 1481 multa,
769 1405 834 1461 tum
858 1397 1041 1480 Dionysius
1065 1392 1452 1485 Halicarnassensls40),
1476 1400 1519 1466 de
1537 1402 1588 1464 sui
1606 1402 1682 1466 libri
1692 1401 1798 1468 forma

156 1488 343 1572 disserens,
368 1486 421 1551 his
444 1491 623 1552 asseverat
645 1485 776 1550 verbis:
800 1482 926 1570 Σχῆμα
950 1481 986 1546 δὲ
1016 1475 1211 1566 οίπσδίδωμι
1240 1484 1284 1568 τῇ
1313 1485 1535 1571 πραγματείᾳ,
1566 1480 1646 1551 οὔθ’
1674 1482 1799 1553 ὁποῖον

157 1579 190 1639 οἱ
212 1566 295 1645 cotie
318 1562 770 1657 πολέμοοςοῖναγροίψοιντες
785 1563 1020 1635 α’ποδεδιίιιασι
1042 1576 1118 1640 ταῖς
1141 1568 1315 1656 ἱστορίαις,
1341 1565 1421 1636 οὔδ’
1444 1565 1568 1638 ὁποῖον
1592 1578 1629 1638 οἱ
1646 1567 1709 1647 τοὶς
1732 1600 1799 1641 πο·
1831 1599 1832 1603 ’

159 1659 285 1732 λιτείοις
308 1652 418 1731 αὐτοίς
443 1653 495 1742 ἐφ’
519 1658 651 1741 ἑᾳντῶν
684 1652 934 1744 διηγησάμενοι,
965 1652 1065 1722 οὔτε
1099 1665 1191 1729 ταῖς
1222 1670 1445 1744 χρονικαῖς
1482 1654 1798 1746 παραπλήσιον,
1871 1698 1872 1702 ,

158 1744 208 1820 ὀίς
233 1746 432 1821 ἐξέδωκαν
456 1749 493 1810 οἱ
516 1739 592 1818 code
614 1739 819 1818 Ἀτθίδας
843 1735 1256 1832 πραγματευόμενοι·
1281 1745 1520 1830 μονοειδεῖς
1541 1741 1616 1834 γοῖρ
1641 1755 1799 1815 ἐκεῖναι

158 1835 300 1899 τεκαὶ
323 1828 428 1920 ταχεί
458 1826 803 1918 προσιστάμεναι
825 1845 915 1905 τοῖς
939 1825 1182 1896 οἷιοιίοοσιν.
1219 1832 1302 1900 lnde
1325 1835 1426 1921 igitur
1448 1836 1662 1922 intelligimus
1686 1838 1800 1903 Atthi-

28 1952 42 2021 .‘
158 1922 233 1989 dum
257 1925 440 2008 scriptores
465 1929 498 1989 et
520 1921 562 1987 ad
587 1942 697 2010 genus
720 1921 850 1988 dicendi
874 1928 908 1988 et
922 1921 964 1987 ad
983 1926 1210 2008 argumentum
1228 1922 1314 1986 tales
1338 1923 1410 1987 fere
1428 1923 1547 2010 videri,
1572 1926 1688 2009 quales
1711 1925 1800 2010 apud

158 2011 327 2075 Romanos
357 2011 521 2075 annalium
549 2016 705 2074 auctores
733 2009 840 2075 fuisse
869 2009 1029 2075 dicuntur.
1081 2006 1298 2074 Nihilominus
1329 2009 1426 2073 multo
1459 2012 1491 2073 in
1522 2030 1635 2076 eorum
1664 2014 1798 2097 scriptis

127 2128 129 2137 ·
158 2099 305 2183 inerant,
340 2110 426 2180 quae
454 2097 673 2180 scriptoribus
705 2096 872 2160 inferioris
902 2097 1021 2162 aetatis
1051 2094 1137 2160 houd
1168 2115 1271 2179 parvo
1302 2102 1420 2162 essent
1448 2098 1532 2161 osui.
1578 2099 1683 2163 Multa
1712 2100 1799 2165 enim

159 2183 364 2251 tradiderant
387 2184 593 2268 accuratius,
622 2202 718 2267 quarn
749 2202 858 2249 rerum
887 2184 1089 2267 scriptores,
1121 2184 1174 2266 qoi
1209 2183 1312 2271 vulgo
1341 2184 1451 2249 solent
1481 2183 1561 2260 dici,
1592 2185 1634 2252 de
1663 2184 1799 2251 deorum

158 2271 256 2358 cultu,
281 2270 323 2337 de
346 2271 507 2338 festorum
531 2271 677 2359 origine,
702 2271 744 2338 de
768 2272 951 2349 sacrificiis,
975 2269 1017 2335 de
1040 2270 1172 2358 legibus
1196 2272 1421 2356 institutisque
1444 2271 1662 2360 reipublicae,
1692 2272 1799 2336 maxi·

158 2378 210 2426 ma
233 2377 305 2424 curn
329 2359 501 2445 diligentia
523 2361 557 2423 in
580 2364 728 2443 tempora
751 2358 979 2441 antiquissima
1003 2354 1322 2445 inquisiverunt⁴⁷J3
1354 2360 1471 2424 multas
1506 2379 1563 2424 res
1595 2360 1734 2424 minutas
1757 2377 1798 2424 ac

158 2464 284 2531 parvas
329 2465 393 2510 non
430 2447 580 2528 silentio,
617 2455 651 2508 ut
687 2445 758 2527 alii,
794 2445 1105 2531 praetermiserant,
1146 2444 1302 2528 imprimis
1338 2465 1420 2511 vero
1454 2445 1664 2534 diligentius,
1702 2464 1798 2532 quam

158 2534 298 2597 maxima
322 2532 552 2596 historicorum
577 2550 672 2616 pars,
691 2530 723 2593 in
748 2531 949 2614 temporibus
973 2529 1212 2597 constituendis
1236 2532 1366 2596 versati
1390 2538 1496 2599 erant.
1542 2531 1637 2612 Quod
1662 2535 1693 2597 si
1715 2552 1799 2597 con·
1851 2565 1856 2580 ·

159 2617 379 2702 sideraveris,
404 2636 469 2681 rron
493 2619 556 2684 crit
577 2635 635 2682 cor
659 2618 799 2701 mireris,
823 2618 1023 2683 scholiastae
1048 2619 1264 2704 potissimum,
1286 2619 1521 2708 grammaticos
1546 2629 1580 2685 et
1603 2612 1797 2703 λεξικογροί-

161 2725 247 2784 φοας
271 2703 428 2770 Atthides
452 2704 526 2768 illas
549 2711 778 2790 perscrutatos
802 2723 883 2770 esse
906 2710 940 2770 et
976 2707 1174 2791 saepissime
1203 2705 1246 2770 ad
1277 2725 1389 2771 earnm
1417 2707 1643 2774 auctoritatem
1672 2725 1799 2792 provo-

159 2786 309 2878 care40).
355 2792 402 2855 lis
425 2791 635 2857 Plutarchum
659 2810 787 2876 quoque
810 2790 1066 2878 diligentissime
1088 2813 1183 2857 usum
1207 2813 1303 2879 esse,
1333 2795 1485 2877 quoniam
1514 2794 1602 2859 illins
1627 2794 1798 2880 ingentem

158 2878 310 2944 lectionis
342 2879 467 2962 copiam
504 2875 772 2967 singularemque
806 2877 1009 2965 diligentiam
1042 2879 1201 2946 habemus
1231 2881 1384 2968 cognitas
1413 2886 1446 2946 et
1475 2887 1662 2968 spectatae,
1699 2879 1796 2946 facile

159 2966 327 3053 coniicias,
351 2968 481 3032 etiamsi
504 2967 578 3052 ipse
601 2985 760 3051 nusquam
784 2966 912 3030 illorum
936 2966 1130 3032 mentionem
1153 2968 1281 3033 fecerit.
1327 2968 1396 3032 lam
1420 2987 1502 3034 vero
1526 2968 1644 3034 allatos
1669 2966 1798 3052 quidem

159 3069 180 3116 a
203 3051 380 3118 Plutarcho
404 3054 555 3118 videmus
578 3053 747 3118 Atthidum
770 3057 954 3138 scriptores
979 3052 1051 3120 fere
1075 3050 1266 3142 ornnes49),
1291 3053 1353 3121 sed
1376 3057 1434 3120 vix
1457 3061 1490 3122 te
1521 3055 1653 3140 poteris'
1669 3061 1798 3140 tenere,

160 3139 236 3220 quin
256 3140 358 3203 multo
382 3143 476 3226 plura
498 3158 588 3224 eum,
617 3159 713 3225 quarn
736 3143 810 3226 ipse
834 3158 893 3226 pro
917 3160 1008 3206 more
1031 3159 1092 3205 suo
1121 3137 1397 3228 indicaverttffl),
1426 3162 1469 3208 ex
1496 3143 1633 3206 istorum
1664 3139 1798 3224 scriptis

160 3226 302 3310 petiisse
325 3228 492 3293 coniicias.
550 3228 675 3294 Multae
699 3230 783 3294 enim
808 3229 923 3294 resin
945 3228 1024 3292 vitis
1048 3227 1257 3294 Plutarcheis
1287 3231 1499 3295 inveniuntur
1528 3228 1584 3294 vel
1616 3226 1798 3291 minutissi-

160 3331 233 3378 moe
256 3314 312 3380 vel
335 3332 356 3379 a
380 3321 540 3400 perpetua
563 3334 671 3380 rerum
695 3322 866 3405 gestarum
884 3314 1023 3380 historia
1040 3316 1293 3402 remotissimae,
1318 3335 1400 3399 quas
1432 3315 1519 3380 unde
1548 3314 1697 3379 hauserit
1726 3312 1800 3377 fru-

162 3406 234 3466 stra
257 3404 462 3486 quaerimus,
487 3402 551 3467 nisi
573 3401 684 3466 fontes
708 3422 820 3468 aarum
843 3394 1016 3471 Ἀτθίδας
1038 3420 1119 3468 esse
1142 3405 1324 3471 statuimus.
1354 3401 1448 3482 Quae
1472 3402 1660 3468 coniectura
1683 3406 1719 3465 ut
1742 3400 1798 3464 tibi

160 3491 409 3575 comprobetur,
432 3490 692 3575 fragmentorum
715 3493 910 3578 argumenta
934 3488 1111 3575 diligenter
1135 3489 1331 3559 consideres
1357 3490 1454 3554 velim
1478 3506 1517 3554 ac
1541 3487 1742 3574 perpendas.

319 3575 521 3642 Praemissis
544 3595 630 3661 quae
654 3575 697 3641 de
719 3574 886 3640 Atthidum
911 3577 1128 3662 scriptoribus
1152 3578 1185 3640 in
1210 3578 1401 3641 universum
1431 3575 1572 3642 dicenda
1600 3575 1800 3641 videbantur

160 3662 224 3726 iam
249 3662 459 3730 deClidemo
473 3661 516 3728 de
540 3663 764 3750 Phanodemo,
788 3664 897 3747 quiin
921 3667 990 3730 vita
1013 3662 1246 3729 Themistoclis
1261 3667 1368 3729 testes
1385 3665 1578 3751 ntlerontur,
1602 3661 1799 3748 disputatio-

161 3768 236 3815 nem
260 3752 375 3835 paucis
399 3750 475 3815 licet
498 3751 687 3818 absolvere.

322 3836 394 3902 Uno
417 3842 541 3902 tanturn
564 3837 652 3921 loco,
682 3840 736 3922 qui
764 3843 819 3904 est
848 3857 876 3905 c.
909 3841 961 3925 10,
990 3843 1102 3904 exstat
1130 3855 1250 3902 nomen
1279 3832 1488 3924 Clidemi⁶¹),
1516 3839 1570 3903 obi
1600 3832 1799 3899 Plutarchus

58 4002 60 4006 Α
162 3927 266 3987 artem
288 3924 460 4009 quamdam
484 3932 767 3991 commemoratam
789 3944 809 3989 a
833 3921 981 3992 Clidemo
1006 3927 1120 4010 atlcrt,
1150 3942 1215 4007 qua
1237 3922 1478 3991 Themistocles
1510 3921 1737 3987 Athenienses
1767 3920 1800 3984 in
1893 3935 1938 3997 ζ.

161 4051 478 4067 ——n———nn—

319 4096 357 4157 ⁴⁴)
376 4101 469 4149 Strabo
488 4101 534 4150 lib.
552 4098 605 4149 IX.
628 4100 691 4146 'l'cm
709 4098 757 4152 111.
776 4115 802 4160 p.
821 4093 881 4150 339.
899 4100 978 4150 Psch.
1006 4095 1039 4156 ⁴⁶)
1058 4099 1168 4157 Dionys.
1187 4099 1269 4152 llalic.
1286 4099 1358 4158 antiq
1377 4099 1452 4146 Rom.
1463 4098 1505 4144 lib.
1523 4095 1545 4148 1.
1563 4091 1590 4148 8.
1610 4093 1802 4154 ῦοα1.αιιοοιιο

163 4163 240 4216 Dion.
258 4166 340 4216 Habe.
360 4169 392 4217 ad
409 4171 560 4218 Ammoaum
579 4171 611 4217 da
628 4168 765 4217 Demosth.
784 4168 930 4218 etAristot.
948 4167 1062 4220 v01.vl.
1080 4181 1107 4228 p.
1119 4161 1170 4216 734
1189 4172 1215 4216 at
1233 4164 1293 4219 751.
1313 4169 1354 4217 ed.
1374 4166 1481 4213 Reiska.
1500 4160 1725 4224 ⁴⁶)Dion.l1alic.
1744 4164 1762 4212 l.
1781 4165 1801 4215 l.

163 4227 199 4293 ⁴⁷)
218 4235 432 4298 Fragmentomm
449 4239 555 4286 maxim
573 4251 632 4298 pars
652 4235 684 4283 ad
702 4236 745 4283 illa
763 4240 877 4297 tempora
894 4237 1013 4297 partinet.
1052 4232 1088 4292 ⁴⁸)
1110 4238 1203 4301 Longo
1228 4238 1358 4284 maximam
1382 4235 1584 4298 fragmentorum
1601 4238 1699 4294 partam
1717 4233 1799 4280 daba-

163 4314 222 4351 mus
246 4303 371 4351 aiusmodi
394 4307 576 4373 scriptoribus,
600 4317 665 4365 quos
685 4318 764 4365 supra
782 4306 979 4355 nominavimus.
1000 4333 1027 4343 -
1069 4300 1105 4366 ⁴⁰)
1125 4305 1298 4354 Clidemus
1316 4318 1331 4351 a
1349 4304 1416 4351 Plut.
1437 4303 1481 4356 cit.
1498 4303 1546 4354 vit.
1565 4302 1645 4351 Thes.
1664 4313 1688 4351 ο.
1709 4297 1753 4349 13.
1768 4321 1802 4336 »-

164 4383 188 4419 ε.
213 4366 255 4419 at.
274 4371 321 4419 vit.
344 4374 435 4424 Pham.
454 4388 479 4426 ο.
505 4369 547 4424 to.
564 4376 613 4425 vit.
638 4376 721 4424 Arist.
746 4388 771 4426 ο.
797 4366 839 4422 19.
876 4373 1105 4424 Phanodcmus
1123 4375 1171 4423 vit.
1189 4375 1278 4422 Thana.
1298 4386 1320 4420 ο,
1341 4367 1383 4424 13.
1402 4373 1450 4420 vit.
1470 4368 1568 4420 Cimo
1601 4364 1675 4417 lhc
1705 4363 1748 4419 la.
1769 4393 1801 4404 -

162 4439 323 4488 Androtio
353 4443 400 4490 vit.
427 4443 505 4493 Thes.
532 4456 556 4494 ο.
576 4439 620 4495 15.
644 4468 678 4480 -
715 4441 817 4493 Domo
843 4443 891 4492 vit.
920 4443 1048 4495 Theseo.
1070 4436 1110 4493 ta.
1129 4458 1153 4495 c.
1171 4436 1215 4490 33.
1234 4466 1268 4478 -
1303 4441 1529 4489 Philochorus
1548 4440 1596 4487 vit.
1614 4438 1692 4486 Thes.
1713 4451 1734 4484 ο.
1756 4432 1801 4487 ll.

164 4518 189 4554 c.
207 4500 249 4558 lt.
274 4519 299 4558 ο.
319 4505 362 4560 17.
387 4524 409 4560 c.
436 4505 478 4561 19.
498 4524 521 4562 ο.
541 4507 585 4565 Pb.
605 4526 627 4560 ο.
647 4507 690 4563 39.
716 4507 800 4563 aaa.
821 4508 1193 4566 vlt.1tlic.c.23.llloral.t
1219 4511 1264 4559 vll
1281 4524 1307 4570 p.
1325 4504 1385 4559 588.
1404 4513 1424 4559 t.
1441 4507 1491 4558 lX.
1510 4520 1536 4567 p.
1555 4502 1616 4558 138.
1634 4520 1661 4566 p.
1679 4498 1739 4556 367.
1759 4506 1803 4554 εδ.
1880 4498 1881 4502 ’

166 4572 274 4626 Raiaka.
286 4605 314 4614 -
336 4577 430 4628 lstar
449 4580 497 4630 vit.
517 4581 596 4629 Thes.
616 4596 640 4632 c.
659 4575 702 4632 34.
719 4584 768 4632 vit.
780 4581 856 4630 Alex.
871 4573 946 4630 stt.
966 4582 1056 4632 Moral.
1078 4587 1097 4632 t.
1116 4581 1169 4630 Vll.
1189 4595 1214 4641 p.
1232 4573 1293 4630 103.
1312 4579 1353 4629 ad.
1373 4577 1514 4625 Belalis·
1532 4576 1645 4625 Andro
1663 4573 1702 4618 vit
1722 4575 1802 4624 Thau.

165 4639 242 4695 cta
261 4641 294 4709 ¹⁰)
312 4648 387 4697 llsud
410 4661 494 4709 pauco
511 4647 537 4696 in
555 4647 637 4710 priori
652 4649 721 4698 vitae
739 4652 828 4698 Pham.
847 4654 921 4717 parta
938 4662 970 4698 ex
986 4650 1124 4698 Atthidum
1141 4648 1310 4709 scriptoribus
1328 4647 1409 4708 petita
1426 4658 1487 4694 asse
1504 4645 1632 4705 suspicor.
1651 4666 1683 4678 -
1705 4637 1739 4702 ⁶¹)
1757 4641 1801 4689 sle

164 4707 331 4779 (Κλείδημος)
349 4718 453 4766 exhibet
474 4730 568 4767 nomen
593 4719 651 4767 cod.
673 4732 801 4768 manuscr.
820 4719 889 4768 Plut
908 4718 989 4777 Apud
1004 4719 1160 4767 Pounniam
1183 4722 1209 4766 at
1227 4717 1347 4791 Saldania
1366 4710 1555 4778 Κλειτόδημος.
1630 4792 1633 4797 .
