3982 5144
978 274 1022 334 aa

173 484 358 569 scriptores
381 481 579 568 posterioris
602 473 815 566 actabs¹²⁴).
858 480 1071 545 Plutarchum·
1092 485 1228 565 praetor-
1248 481 1370 567 locum,
1395 502 1490 565 qoem
1520 483 1754 572 indicavimus,
1782 493 1817 555 in
1925 539 1930 546 .

174 574 244 640 nita
267 569 501 636 Themistoclis
524 567 705 633 aliis-locis
728 568 804 632 illos
827 566 1006 651 historicos
1030 573 1179 633 secutam
1203 587 1283 633 esse
1307 570 1490 636 verisimile
1514 590 1579 636 non
1602 578 1667 638 ost.
1713 576 1819 641 Nam·

175 678 239 743 que
262 659 347 723 satis
370 663 509 741 apparet
532 657 557 721 l.·
577 655 607 719 l..
629 673 703 720 eum
732 656 872 721 omnium
901 657 1098 739 scriptoram
1126 655 1181 740 qni
1211 654 1254 721 dc
1285 658 1385 721 rebus
1415 656 1566 724 Persicis
1596 662 1817 749 scripserant,

174 738 347 815 evolvisse
370 745 473 809 libros
497 743 560 809 hac
581 748 706 828 mente,
729 750 765 807 ut
788 763 856 811 rem
879 750 1131 810 controversam
1163 742 1205 809 de
1228 748 1393 829 tempore,
1420 762 1484 828 qno
1516 736 1818 816 Themistoclesssin

175 837 290 900 Asiam
316 834 479 916 venisset,
500 830 694 896 accuratius·
712 831 918 896 examinaret
939 849 981 893 ue
1004 836 1219 914 pertentaret.

330 919 383 986 De
400 919 570 1001 utriusque
591 911 776 1003 patria¹²⁵l
795 919 863 982 vita
887 916 1032 1001 latisque
1053 935 1160 1002 paene
1177 917 1255 982 nihil
1273 918 1306 982 in
1326 919 1471 984 notitiam
1490 926 1636 986 nostram
1657 924 1817 1006 perlatam

173 1015 238 1079 eat.
248 1008 336 1075 Dino
359 1006 486 1093 Ephori
501 1012 536 1071 et
554 1005 756 1089 Theopompi
771 1023 874 1089 prope
897 1005 1047 1088 aequalis
1062 1004 1165 1070 edidit
1174 1005 1291 1069 libram
1304 1005 1347 1072 de
1360 1007 1462 1070 rebus
1475 1007 1636 1095 Persicis,
1661 1011 1715 1093 qai
1731 1014 1816 1078 satis

171 1116 313 1187 magnus
336 1094 443 1161 fnisse
468 1092 599 1158 videtur
628 1091 888 1176 distributasque
916 1093 950 1155 in
981 1096 1051 1158 tres
1080 1097 1195 1177 partes
1228 1092 1303 1159 sive
1332 1084 1599 1180 ubardiolam),
1629 1115 1714 1181 qnae
1743 1101 1817 1165 sin-

200 1186 272 1251 alae
302 1184 416 1269 plures
445 1180 659 1247 continebant
685 1179 828 1246 libellos.
886 1178 1027 1244 Primam
1057 1200 1170 1247 aarum
1200 1179 1441 1266 Assyriorum,
1466 1181 1605 1248 alteram
1633 1183 1817 1274 Medorum,

170 1206 301 1339 fantiam
324 1270 503 1337 Persarum
527 1286 586 1333 res
609 1266 814 1335 continuisse
837 1278 1021 1359 auguratus
1044 1273 1099 1333 est
1121 1265 1303 1334 Muellerus
1328 1263 1370 1353 (l.
1393 1268 1415 1331 l.
1440 1289 1471 1353 p.
1494 1262 1583 1354 88).
1629 1270 1701 1337 Sed
1724 1279 1758 1339 et
1776 1293 1818 1341 ea

171 1358 214 1445 de
233 1379 271 1427 re
284 1364 319 1425 et
328 1356 370 1425 de
380 1363 539 1442 tempore,
551 1353 594 1421 ad
608 1350 694 1441 qnod
713 1349 800 1419 Dino
813 1355 982 1421 historiam
995 1354 1181 1439 deduxerit,
1195 1375 1238 1422 ex
1250 1352 1459 1444 fragmentis,
1473 1375 1557 1439 qaae
1572 1364 1717 1424 aetatem
1731 1361 1817 1427 tale·

170 1453 257 1524 runt,
273 1450 365 1511 recte
383 1442 532 1523 indicare
550 1442 608 1508 vix
619 1443 746 1528 poteris
756 1437 834 1524 1Μ).
857 1443 983 1508 Auctor
997 1444 1155 1527 probatae
1168 1441 1244 1508 fidei
1255 1441 1386 1507 habitus
1403 1447 1457 1507 est
1472 1442 1560 1509 Dino
1574 1444 1817 1529 apadvetercs.

174 1530 259 1615 Quid
291 1531 378 1617 qaod
407 1529 589 1599 Cornelius
619 1530 735 1615 Nepos
764 1531 798 1594 in
828 1529 885 1595 vit.
911 1526 994 1594 Con.
1018 1534 1103 1596 extr.
1134 1532 1164 1596 ei
1189 1550 1229 1596 se
1261 1530 1430 1614 plurimam
1460 1529 1502 1597 de
1530 1531 1680 1597 Persicis
1716 1535 1817 1601 rebus

172 1619 360 1687 credidisse
385 1617 560 1704 professus
584 1609 665 1684 esti
717 1616 916 1683 Plutarchus
941 1635 1081 1700 quoqne,
1105 1620 1158 1701 qai
1182 1618 1345 1684 Dinonem
1375 1619 1408 1681 in
1432 1619 1491 1681 vit.
1519 1619 1617 1684 Alex.
1640 1635 1673 1686 et
1697 1623 1816 1689 Artax.
1892 1643 1895 1646 ·

172 1707 309 1795 saepias
323 1707 600 1793 commemoravit,
624 1705 666 1772 de
689 1704 754 1770 lide
778 1705 850 1770 eius
874 1710 973 1788 atque
995 1704 1191 1770 auctoritate
1207 1708 1291 1771 bene
1309 1707 1525 1773 existimasse
1544 1706 1693 1796 videtur,
1713 1727 1817 1794 saepe

172 1797 259 1865 enim
283 1795 423 1863 Dinonis
446 1794 669 1859 narrationem
692 1793 751 1876 iis,
784 1810 868 1875 quoe
899 1789 1036 1858 Ctesias
1066 1793 1241 1859 memoriae
1265 1791 1465 1880 tradiderat,
1495 1795 1540 1858 ita
1575 1795 1742 1880 opposuit,
1783 1805 1818 1863 ut

172 1878 295 1949 Dinoni
318 1884 491 1966 maiorem,
514 1888 609 1965 qaam
634 1878 771 1947 Ctesias
794 1878 891 1944 fidem
920 1879 1078 1945 tribuisse
1107 1899 1179 1945 eum
1209 1879 1306 1945 facile
1335 1881 1514 1968 intelligas.
1562 1881 1615 1945 Ex
1644 1881 1818 1969 fragmen-

173 1968 279 2055 lorum
297 1987 469 2054 perparvo
497 1982 633 2034 nrrmero
674 1966 718 2033 da
746 1974 813 2041 toto
842 1968 926 2035 libro
949 1968 1170 2033 coniecturam
1186 1967 1299 2033 lacere
1320 1968 1444 2033 lubrica
1468 1989 1552 2035 sane
1576 1977 1630 2035 est
1653 1970 1817 2037 iudicandi

173 2057 269 2122 ratio.
320 2054 415 2135 Quod
446 2057 477 2119 si
506 2074 572 2121 non
587 2050 648 2121 ,ita
678 2059 789 2137 esset,
818 2054 928 2121 acrius
961 2054 1108 2119 tortasse
1140 2053 1183 2120 de
1211 2053 1306 2120 hrains
1334 2055 1509 2140 scriptoris
1537 2058 1660 2124 virtute
1690 2063 1724 2124 et
1751 2058 1817 2127 fide

172 2144 361 2210 laceremus
384 2141 545 2207 iudicium.
590 2144 675 2207 Nam
700 2160 740 2207 ea
769 2160 854 2225 quae
883 2160 903 2205 a
930 2141 1061 2207 Dinone
1090 2141 1266 2207 memoriae
1297 2140 1426 2225 prodita
1455 2150 1590 2209 exstant
1619 2144 1706 2229 apud
1735 2145 1818 2210 Pl'n-

172 2230 320 2294 tarchum
343 2231 493 2313 aliosque
517 2232 701 2314 scriptores
726 2248 790 2292 non
815 2235 891 2293 sunt
914 2228 960 2293 ita
984 2236 1188 2313 comparata,
1213 2236 1247 2292 ut
1276 2230 1361 2292 omni
1391 2248 1434 2293 ex
1459 2240 1552 2314 parte
1585 2232 1736 2297 veritatis
1761 2242 1818 2298 ant

171 2318 290 2383 saltem
313 2317 553 2401 probabilitatis
578 2317 707 2382 ratione
729 2315 995 2399 habita-possint
1015 2316 1232 2401 comprobari.
1263 2313 1367 2396 Quam
1391 2317 1432 2380 bb
1457 2335 1609 2382 caussam
1635 2318 1720 2383 haud
1745 2320 1815 2384 scio

170 2422 215 2481 au
238 2404 419 2475 Muellerus
443 2401 490 2489 (l.
513 2401 559 2489 l.)
584 2424 700 2471 verum
715 2405 883 2470 invenerit
906 2403 1022 2471 dicens
1040 2403 1222 2469 verendam
1243 2423 1324 2469 esse
1348 2423 1390 2469 ne
1414 2400 1563 2490 Ctesiae,
1582 2406 1708 2471 auctori
1733 2427 1817 2474 sane

168 2510 238 2569 pon
273 2492 411 2576 optimo,
441 2490 639 2575 obloquendi
675 2496 709 2557 et
737 2489 945 2556 detrectandi
975 2489 1083 2555 stadio
1112 2490 1339 2557 anctoritatem
1369 2488 1456 2555 Dino
1487 2491 1575 2576 apud
1593 2493 1723 2557 'multos
1752 2496 1817 2561 sibi

171 2578 356 2664 pepererit,
392 2583 491 2661 atque
522 2578 704 2645 verisimile
733 2596 814 2644 csse
843 2576 1006 2663 Dinonem
1034 2596 1099 2643 nan
1131 2583 1196 2641 tam
1232 2582 1368 2662 propter
1395 2595 1533 2661 acumen
1565 2576 1690 2664 indicii,
1720 2599 1816 2665 quarn

170 2671 308 2751 propter
332 2685 440 2732 rerum
466 2672 672 2751 narratarum
695 2664 928 2731 abundantiam
952 2670 986 2731 et
1009 2666 1168 2730 orationis
1185 2663 1339 2738 ‚fortasse
1362 2665 1563 2751 elegantiam
1587 2667 1766 2750 placuisse.

209 2778 212 2783 ·
331 2755 452 2837 Neque
475 2754 583 2841 magis
606 2754 745 2838 probata
769 2756 823 2819 est
844 2752 1026 2817 auctoritas
1050 2758 1084 2817 et
1106 2751 1191 2817 fides
1215 2748 1374 2821 clitarchi
1395 2751 1463 2837 filii,
1486 2753 1541 2837 qai
1564 2753 1749 2819 Alexandri
1772 2755 1817 2820 M.

173 2840 322 2925 oeqaalis
344 2849 456 2927 atque,
480 2842 525 2907 nti
549 2840 738 2907 existimant
760 2833 995 2924 nonnulli¹?⁸),
1020 2838 1262 2925 expeditionum
1287 2857 1398 2906 comes
1423 2858 1531 2907 reram
1555 2842 1597 2906 ab
1623 2840 1816 2908 Alexandro

173 2933 344 3015 gestarum
367 2929 539 3009 historiam
563 2929 708 3013 scripsit.
755 2928 852 2995 Hanc
875 2927 963 3011 apud
985 2928 1154 2992 Romanos
1178 2944 1198 2989 a
1222 2927 1331 2992 maltis
1356 2926 1533 2992 lectitatum
1558 2946 1654 3014 esse,
1684 2949 1726 2995 ex
1756 2949 1819 2995 ea-

175 3010 301 3101 quess.
325 3012 473 3083 Curtium
496 3010 692 3103 Rufam¹²⁹J
717 3015 854 3102 plurima
878 3015 1035 3081 hausisse
1058 3015 1144 3079 inter
1167 3014 1261 3079 viros
1285 3012 1401 3080 doctos
1427 3020 1568 3080 constat.
1597 3013 1669 3089 Sed
1693 3017 1824 3081 Roma-1

172 3103 343 3187 aprunii,
365 3106 420 3189 qni
440 3104 569 3193 ingenii
585 3104 739 3176 ‚acumine
764 3102 936 3188 florebant,
961 3099 1172 3190 Clitarchum,
1196 3106 1231 3166 ut
1252 3108 1421 3167 auctorem
1445 3103 1550 3169 malae
1573 3101 1651 3169 tidei
1673 3109 1818 3171 notave-

172 3195 258 3255 runt.
303 3186 364 3257 Sic
387 3186 506 3258 Cicero
531 3190 574 3257 de
597 3190 730 3280 legibus
752 3192 779 3256 Ι.
803 3195 839 3254 2:
870 3187 1017 3256 Sisenna
1046 3208 1154 3272 neque
1183 3194 1296 3255 orator
1319 3190 1351 3253 in
1376 3208 1510 3255 numero
1535 3195 1651 3256 vestro
1675 3208 1816 3275 anquam

175 3279 230 3343 ast
251 3275 399 3365 habitas,
428 3284 462 3344 et
484 3280 516 3344 in
541 3279 680 3345 historia
704 3279 829 3364 puerile
852 3276 1004 3362 quiddam
1028 3282 1254 3343 consectatur:
1288 3284 1322 3341 ut
1346 3297 1440 3342 unum
1464 3272 1682 3362 Clitarchum,
1707 3297 1816 3363 neque

171 3368 351 3449 praeterea
373 3385 565 3450 quemquam
581 3365 636 3445 ,da
657 3367 813 3452 Graeois,
837 3364 967 3453 legisse
990 3363 1160 3452 videatur,
1195 3383 1268 3429 eom
1292 3370 1401 3430 tamen
1433 3364 1526 3430 velle·
1551 3363 1720 3431 dumtaxat
1742 3367 1816 3449 iari-

172 3451 254 3536 tari,
290 3471 401 3541 quem
430 3454 877 3537 siassenniposset,
913 3452 1170 3536 aliquantum
1201 3455 1248 3517 ab
1284 3452 1432 3536 optimo
1463 3457 1596 3519 tamen
1631 3454 1814 3520 abesset.

171 3537 266 3607 Idem
290 3539 333 3603 ab
357 3534 660 3611 eoaeu'cicerc‘ne
689 3538 804 3630 (Brut
828 3560 856 3607 c.
883 3534 1031 3627 11.),nt
1052 3545 1167 3606 auctor
1190 3560 1300 3606 rerarn
1323 3540 1620 3605 commenticiarum
1650 3539 1812 3607 avidissi·
1883 3542 1888 3550 '

172 3647 255 3714 mas,
280 3626 452 3717 deridetur
474 3626 543 3713 lasz
566 3628 610 3695 Ut
633 3630 667 3695 lu
690 3648 776 3694 nunc
794 3628 842 3695 -de
866 3626 1054 3710 Coriolano,
1079 3630 1129 3693 sic
1152 3625 1351 3710 Clitarchus,
1375 3627 1425 3693 sic
1450 3624 1637 3695 Stratocles
1662 3629 1705 3695 de
1723 3629 1816 3696 The·
1897 3694 1900 3699 ,

241 3876 244 3881 .
322 3834 381 3897 ⁴⁸⁴)
399 3839 566 3887 Plutarchum
582 3840 648 3889 hanc
664 3841 818 3889 sententiam
826 3840 979 3901 repudiasse
989 3842 1016 3885 et
1033 3837 1190 3885 discessisse
1206 3838 1232 3883 in
1251 3837 1404 3885 sententiam
1415 3837 1541 3887 Charonis
1551 3845 1579 3889 ot
1594 3837 1755 3895 Thucydidis
1767 3837 1816 3887 iam

171 3905 389 3973 supradiximus.
430 3903 475 3965 ¹²⁵)
493 3907 611 3965 Aeoliam
628 3911 733 3968 patriam
753 3922 841 3957 eoram
860 3908 944 3955 inissa
962 3907 1051 3953 dicant
1064 3906 1200 3965 Zumptius
1220 3905 1261 3963 (in
1279 3905 1341 3954 edit.
1358 3904 1456 3973 Curtii)
1476 3912 1503 3955 et
1521 3908 1597 3957 (leicr
1614 3908 1631 3954 l.
1642 3908 1678 3964 l.;
1698 3907 1746 3954 sed
1764 3921 1816 3957 noa

172 3977 277 4044 addunt,
296 3991 346 4036 qao
365 3976 416 4024 nixi
435 3976 581 4024 testimonie
599 3976 661 4024 illud
680 3979 894 4026 confirmaverint.
918 3970 962 4034 ¹²⁶)
982 3975 1115 4021 Laudatur
1134 3972 1200 4020 Dino
1219 3972 1248 4029 ἐν
1264 3969 1301 4043 τῇ
1317 3977 1427 4042 πέμπτη
1446 3970 1500 4027 τῶν
1517 3970 1656 4040 Περσικῶν
1673 3972 1720 4041 τῆς
1736 3973 1816 4043 πρώ-

171 4061 215 4109 της
233 4044 375 4109 συντάξεως
393 4045 551 4129 (Muellefus
571 4045 681 4129 epurexit
696 4041 860 4112 rperpr'rpr)
885 4046 977 4129 fragm.
1002 4037 1046 4090 al.
1070 4055 1101 4102 ap
1138 4042 1243 4101 Muell3
1266 4041 1295 4094 ἐν
1320 4031 1431 4109 drurdp‘up
1451 4042 1499 4109 τῆς
1523 4041 1645 4109 δευτέρας
1673 4044 1817 4109 συντάξεως

171 4115 264 4181 mm
283 4114 309 4166 ⁴⁴
329 4115 804 4246 22,)Mm¹¹utg·h1÷;tgraffialfgrtnssffl
814 4111 1107 4247 wgfiivheognigffiihz
1121 4111 1321 4230 1111111111ωο
1338 4182 1482 4230 Maenianis
1501 4194 1586 4241 usqne
1605 4190 1710 4232 mortem
1729 4186 1813 4234 dedui-

170 4255 241 4301 xisse
259 4266 319 4302 cam
336 4254 462 4304 lleereuio
481 4254 509 4314 (l.
529 4254 547 4304 l.
567 4266 594 4314 p.
612 4247 662 4310 ab)
681 4259 773 4303 conara
791 4254 867 4307 mar
884 4255 903 4302 l.
922 4255 939 4305 l.
957 4267 984 4312 p.
1004 4245 1063 4301 151.
1313 4270 1317 4277 ·

331 4318 511 4382 ¹¹⁸),vmslus
530 4323 577 4373 l.l
603 4336 631 4383 p.
648 4316 688 4381 91),
718 4323 812 4383 Deyna
829 4324 862 4371 de
880 4323 1029 4373 icuthiel.
1053 4319 1131 4369 Diod.
1156 4329 1247 4369 comm.
1274 4319 1322 4366 lll.
1348 4320 1405 4377 (ed.
1431 4320 1486 4380 Dip,
1510 4335 1541 4380 p,
1560 4316 1621 4377 sl).
1647 4321 1761 4370 Sintenis
1789 4325 1815 4372 in

121 4408 124 4412 ·
170 4370 231 4440 adit.
249 4392 297 4442 vit.
317 4392 407 4441 Pham.
425 4405 452 4451 p.
471 4386 532 4442 170.
551 4391 624 4439 iluna
643 4392 797 4443 sententiata
815 4393 842 4443 ia
860 4394 963 4441 dubiam
988 4388 1195 4439 vccatGeierl.
1214 4382 1232 4434 l.
1251 4402 1276 4449 p.
1296 4382 1553 4438 lustusamans
1577 4389 1620 4436 illa
1644 4393 1814 4440 sententiola
1916 4408 1920 4415 ·

169 4460 254 4545 nsi-⁰⁴¹2
266 4461 320 4544 Sic.
338 4462 396 4510 loco
414 4461 454 4547 ll.⁸
475 4457 502 4543 7,
516 4461 561 4527 ubi
578 4452 736 4533 verbabaec
755 4465 830 4511 sant:
850 4458 884 4514 cis
901 4457 929 4513 δὲ
946 4457 1107 4525 Κλείταρχος
1125 4462 1168 4508 καὶ
1186 4453 1240 4507 τῶν
1256 4450 1366 4522 ὕστερόν
1383 4451 1441 4522 μετ’
1463 4450 1640 4525 Ἀλεξάὼὃρου
1663 4456 1815 4526 διαβάντων

170 4540 193 4577 a
209 4540 271 4595 W
294 4533 382 4661 Aa&
393 4531 877 4650 gavssgutt'ffiffimssmmmmduob·
895 4603 945 4650 loc.
957 4599 1012 4648 lx.
1030 4593 1063 4653 al
1082 4591 1165 4658 et323
1185 4597 1219 4644 ci.
1237 4597 1345 4656 Zumpt.
1363 4596 1448 4655 praet.
1467 4599 1500 4646 nd
1512 4598 1658 4648 ediscunt.
1678 4611 1704 4656 p.
1716 4597 1814 4646 XXlX.

1558 4685 1574 4732 4
1635 4697 1639 4702 .
