3982 5144
957 301 997 367 ut

157 514 279 584 ἱκανῶς
301 517 380 595 περὶ
403 503 468 585 uo'y
487 504 599 592 ἄνδρα
622 513 678 574 καὶ
699 501 766 590 τήν
797 501 974 575 ὑπόθεσιν
995 509 1060 589 τῆς
1091 506 1202 594 χρείας
1226 500 1332 580 αὐτός
1352 503 1570 592 ὑπεθήκατο.
1594 510 1683 576 Nihil
1694 531 1804 597 prae·.

156 611 251 673 terea
273 602 316 667 de
342 601 409 669 rita
432 598 628 682 fortunaque
644 596 776 680 Ephori
799 596 975 662 memoriae
998 596 1159 680 proditum
1188 603 1259 680 est,
1282 596 1347 660 nisi
1370 597 1520 663 illud'da
1548 617 1612 681 quo
1639 597 1801 666 docemur

157 688 373 756 aclemeute
395 681 798 771 Alexandrinoqsnomr
817 683 843 749 l.
865 705 897 769 p.
911 685 985 748 ⁴08
1000 682 1060 748 ed.
1083 676 1194 770 Pott.)
1218 703 1292 749 eum
1323 685 1421 749 etiam
1445 691 1510 749 tum
1541 687 1669 751 vixisse
1699 693 1734 753 et
1761 689 1802 752 in·

88 766 93 777 '
157 774 393 862 componendis
415 772 563 838 historiis
587 780 778 855 occupatum
803 769 938 851 foisse,
955 790 1051 853 quom
1073 769 1272 836 *Alexander
1292 771 1447 859 *Magnus
1480 773 1512 836 in
1542 773 1657 838 Asiam
1690 775 1796 842 traie-

158 865 393 946 cisseqatque
416 860 478 924 hcc
501 857 758 944 alterum-quod
782 857 978 923 Plutarchus
987 853 1038 942 ⁹⁰)
1061 856 1206 943 tradidit,
1229 857 1396 942 Ephorum
1420 878 1517 944 quum
1539 861 1582 924 ab
1599 860 1796 927 Alexandro

158 951 191 1016 in
212 950 388 1034 hospitium
409 947 566 1012 invitatus
591 954 697 1031 esset,
721 965 843 1012 morem
866 963 931 1010 non
952 945 1123 1033 gessisse.
1146 944 1199 1010 lle
1224 946 1358 1030 scriptis
1374 946 1441 1028 iis,
1469 966 1554 1030 quae
1578 955 1712 1032 praeter
1743 949 1796 1014 hi-

157 1039 279 1102 storias
302 1035 458 1119 Ephorus
483 1030 602 1098 dieitur
625 1034 871 1117 composuisse,
895 1031 973 1097 nihil
997 1032 1115 1098 attinet
1137 1031 1266 1116 dicere,
1291 1034 1488 1117 praesertim
1503 1053 1610 1116 quum
1634 1054 1700 1100 non
1723 1039 1795 1102 sin-

157 1121 409 1228 golarcslibri,
432 1119 496 1188 sed
520 1121 628 1204 capita
651 1126 774 1185 tautum
798 1118 1006 1185 historiarum
1029 1117 1136 1185 fuisse
1161 1119 1346 1186 videantur.
1392 1120 1444 1186 De
1468 1119 1562 1185 libris
1585 1127 1694 1188 autem
1717 1127 1802 1206 περὶ.

157 1210 302 1296 creduis
324 1209 512 1274 uoluendo
535 1214 569 1272 cl
593 1206 671 1289 roupi
694 1199 895 1287 παραδόξων
921 1206 995 1269 τῶν
1022 1207 1221 1291 ἑκασταχοῦ,
1253 1226 1336 1291 quos
1366 1210 1464 1272 affert
1497 1206 1640 1293 Suidas,
1679 1230 1794 1277 verum

157 1299 286 1366 vidisse
322 1303 398 1382 post
430 1297 592 1361 lllarxium
631 1294 794 1378 putandus
833 1301 886 1359 est
918 1293 1100 1359 Muellerus
1140 1293 1184 1380 (l.
1209 1293 1231 1360 Ι.
1254 1316 1285 1377 p.
1309 1288 1424 1376 mxl).
1470 1295 1714 1383 Excerpsisse,
1738 1300 1795 1382 ait,

155 1387 271 1453 nescio
295 1385 368 1469 quis
392 1401 434 1450 ea
456 1382 520 1448 sibi
542 1402 584 1448 ex
608 1380 906 1466 Ephorihistoriis
936 1379 1081 1455 ridetur,
1112 1399 1196 1464 quae
1225 1380 1267 1444 ad
1300 1383 1527 1468 argumentum
1556 1383 1636 1448 illud
1665 1386 1795 1450 maximi

65 1488 68 1494 ’
112 1532 117 1546 ,
156 1475 324 1558 facerent,
358 1471 505 1541 fortasse
538 1469 664 1555 Ephori
698 1486 817 1532 nornen
852 1468 1001 1532 collectio
1038 1466 1095 1532 illa
1128 1485 1209 1551 prae
1247 1488 1286 1533 se
1321 1469 1410 1554 tulit,
1449 1469 1535 1534 unde
1575 1471 1608 1534 iu
1646 1480 1794 1555 prompto

158 1567 231 1627 erat
252 1579 382 1625 error,
472 1566 484 1577 ·’
660 1592 663 1598 ·
882 1562 884 1566 “
1095 1584 1105 1594 -
1766 1614 1768 1619 ,

260 1684 264 1695 ·
316 1645 371 1711 Uti
394 1643 617 1728 Theopompo,
639 1643 691 1708 sic
713 1641 847 1726 Ephoro
871 1659 999 1725 quoque
1021 1641 1208 1726 leocrates,
1237 1661 1333 1725 quum
1354 1641 1497 1708 studium
1521 1643 1680 1711 historiae
1709 1647 1797 1711 scri-

158 1733 288 1801 bendae
311 1734 505 1814 excitasset,
529 1735 757 1816 argumentum
781 1729 967 1813 proposuit,
991 1727 1076 1811 quod
1100 1736 1239 1795 naturae
1262 1730 1334 1795 eius
1358 1735 1457 1812 atque
1480 1732 1587 1796 animo
1610 1750 1796 1799 accommo-

158 1821 268 1886 datum
290 1815 456 1903 esset⁹¹).
501 1818 675 1883 Permotus
700 1817 800 1902 igitur
823 1816 974 1895 magistri
997 1817 1192 1880 auctoritate
1211 1815 1366 1900 Ephorus
1389 1819 1605 1900 antiquiorem
1630 1817 1796 1887 Graeciae
1895 1861 1899 1864 -
1933 1814 1937 1827 ¹

160 1908 330 1974 historiam
354 1907 417 1971 sibi
441 1905 568 1992 delegit
591 1902 821 1970 enarrandam.
865 1902 1021 1968 Exorsos
1043 1905 1128 1968 enim
1151 1903 1193 1966 ab
1218 1903 1324 1968 redito
1349 1903 1599 1970 Heraclidarum
1622 1904 1800 1972 historiam·

107 2047 109 2050 -
160 2001 193 2063 et
216 1994 421 2062 Graecorum
442 2003 477 2058 et
500 1993 713 2059 barbararum
734 1992 883 2075 gentium
906 2009 1010 2074 usque
1033 1990 1075 2054 ad
1101 1990 1291 2055 vicesimum
1314 1993 1501 2074 susceptio
1523 1992 1674 2078 Philippo
1698 1996 1796 2083 regni

160 2101 279 2146 annum
309 2088 506 2166 persecutus
539 2084 609 2156 est,
638 2097 701 2162 quo
729 2077 870 2144 Macedo
899 2076 956 2143 ille
982 2076 1173 2143 Perinthum
1202 2073 1483 2163 oppugnabat02).
1535 2078 1797 2147 Continebantnr

161 2176 269 2236 actem
290 2188 347 2234 res
371 2188 431 2252 per
453 2164 577 2232 DCCL
593 2165 704 2232 ferme·
721 2184 826 2231 anuos
850 2172 972 2253 gestae
994 2165 1086 2230 libris
1111 2166 1258 2251 triginta,
1281 2184 1416 2248 quorum
1440 2167 1583 2254 singulis
1597 2169 1796 2250 prooemium

161 2262 233 2321 erat
258 2248 505 2340 praefixum⁹³).
552 2251 645 2337 Opus
679 2251 766 2336 qood
794 2252 950 2337 Ephorus
982 2251 1206 2336 imperfectum
1234 2251 1432 2339 reliquerat,
1462 2253 1678 2337 Demophilus
1710 2255 1796 2320 filius

61 2396 64 2400 a
159 2338 374 2428 absolvit⁹⁴).
421 2339 483 2421 Qui
508 2341 561 2406 ubi
592 2340 770 2413 disierout‚
801 2340 1012 2404 historiarum
1039 2357 1188 2424 suarum,
1216 2358 1301 2422 qnae
1330 2347 1458 2423 septem
1489 2347 1522 2408 et
1552 2341 1671 2430 viginti
1700 2341 1796 2406 libris

158 2431 420 2511 continebantur,
443 2430 566 2494 initium
590 2426 823 2509 secitlliyllus
848 2424 1081 2514 Atheniensis3
1104 2426 1201 2491 huius
1223 2427 1446 2492 narrationem
1469 2427 1797 2494 conbnuavitPsaon

158 2518 370 2584 Plataeensis
393 2517 487 2579 libris
512 2511 711 2590 reginum).
982 2563 985 2566 ⁴
1440 2570 1443 2575 ¹

219 2646 223 2651 -
317 2601 412 2680 Quae
439 2605 635 2689 argumenta
664 2600 698 2665 iu
728 2599 871 2686 singulis
901 2598 1027 2683 Ephori
1056 2600 1264 2666 historiarum
1292 2601 1386 2665 libris
1415 2606 1557 2666 tractata
1585 2600 1722 2687 luerint,
1753 2621 1799 2667 ex

161 2689 359 2776 fragmentis
383 2688 544 2774 colligere
568 2693 601 2752 et
624 2688 825 2753 constituere
849 2688 956 2754 conati
980 2696 1057 2753 sunt
1073 2688 1221 2755 Meierus
1244 2689 1395 2754 Marxios
1425 2696 1458 2755 et
1487 2689 1679 2755 Muellerus.
1725 2687 1798 2755 Sed

161 2792 201 2843 ea
224 2795 281 2842 res
309 2782 363 2842 est
393 2775 582 2842 difficillima
609 2783 745 2860 propter
776 2793 913 2858 parvum
941 2794 1108 2841 numerum
1138 2775 1188 2841 ira
1218 2783 1413 2861 mentorum,
1443 2777 1560 2860 quibus
1589 2795 1647 2842 res
1675 2782 1799 2864 gestae

160 2864 527 2948 narrentur,qnoninm
551 2863 649 2927 multo
673 2863 775 2928 maior
798 2873 911 2928 eurum
935 2881 1029 2948 pars,
1058 2881 1154 2946 qoam
1211 2864 1339 2928 traboni
1368 2862 1544 2950 debemus,
1573 2863 1615 2927 ad
1641 2882 1799 3014 geogra-

88 2964 92 2973 ‘
161 2949 266 3034 phium
301 2953 451 3034 pertinet
508 2951 634 3015 Nostra
671 2948 890 3016 tautummodo
919 2951 1060 3016 interest
1090 2949 1153 3014 boc
1181 2949 1253 3014 loco
1282 2969 1446 3033 quaerere
1474 2970 1613 3034 quonam
1674 2949 1798 3034 phoras

96 3057 97 3060 ¹
160 3035 242 3101 libro
266 3036 309 3102 de
332 3037 697 3124 Themistocle-egisse
714 3036 885 3102 ¹videatur.
929 3033 1085 3120 Ephorus
1114 3037 1232 3121 quippe
1263 3038 1317 3120 qui
1333 3056 1384 3103 ex
1414 3037 1557 3104 rhetoris
1582 3036 1698 3103 schola
1719 3056 1798 3120 pro-

160 3122 269 3189 iectus
293 3131 404 3210 esset,
428 3144 493 3189 uun
517 3126 591 3190 sine
616 3143 735 3210 magno
759 3123 897 3189 artificio
920 3143 978 3190 res
1002 3123 1217 3189 distribuisse
1241 3125 1382 3190 videtur.
1428 3125 1606 3208 Postquam
1630 3124 1716 3188 euim
1737 3124 1800 3188 tri-

163 3210 224 3275 bus
247 3211 340 3274 libris
365 3213 528 3296 prioribus
552 3217 789 3298 enarraverat,
812 3230 973 3296 quaenam
997 3231 1105 3276 rerum
1127 3213 1398 3286 ¹commutationes
1422 3218 1499 3299 post
1521 3209 1661 3277 reditum
1683 3209 1799 3275 Hera-

162 3296 319 3361 clidarum
343 3304 407 3362 tum
432 3299 464 3362 in
494 3294 725 3382 Peloponneso
755 3305 819 3363 tum
843 3299 875 3362 in
899 3297 1026 3381 reliqua
1050 3297 1193 3364 Graecia
1216 3294 1355 3379 effectae
1379 3303 1511 3381 essent,
1541 3316 1663 3380 resque
1689 3295 1798 3362 Grae-

162 3401 221 3450 cas
251 3405 356 3468 usque
385 3384 428 3451 ad
443 3426 447 3433 =
462 3385 674 3452 Persicorum
702 3386 859 3454 bellorum
888 3386 979 3460 initia
1008 3390 1204 3470 persecutus
1232 3394 1322 3469 crat,
1350 3386 1434 3450 libro
1464 3391 1580 3468 quarto
1610 3390 1645 3450 et
1675 3386 1799 3469 quinto,

162 3478 198 3536 nt
216 3490 326 3537 rernm
350 3481 383 3537 et
403 3473 701 3543 fflusuissimuom
723 3481 758 3539 et
773 3474 1059 3561 gravissimarum,
1084 3491 1167 3558 quas
1183 3472 1431 3558 perscripturus
1445 3477 1528 3557 erat,
1551 3472 1647 3554 quasi
1663 3489 1800 3538 scenam

162 3559 394 3644 constitueret,
418 3580 533 3627 omncs
553 3559 729 3645 Europae,
753 3561 860 3626 Asiae
882 3560 1084 3643 Africaeque
1107 3566 1235 3645 terras,
1259 3560 1292 3623 in
1315 3559 1433 3642 quibus
1456 3558 1676 3644 posteriorum
1703 3567 1800 3624 neta·

164 3653 229 3712 tum
252 3667 311 3715 res
333 3649 550 3734 gerebantur,
572 3649 773 3714 accuratius·
783 3646 972 3734 descripsit
1003 3645 1076 3727 Qua
1099 3655 1261 3713 terrarum
1285 3644 1507 3730 descriptione
1531 3645 1683 3712 conlecta
1705 3644 1799 3709 libris

164 3736 217 3814 qui
229 3736 454 3819 sequebantur
466 3754 572 3819 usquc
584 3736 626 3801 ad
638 3737 756 3801 librum
764 3734 927 3801 ¹decimum
949 3755 1006 3800 res
1019 3737 1243 3820 barbarorum,
1256 3733 1311 3818 qui
1330 3732 1438 3821 Asiae,
1454 3734 1613 3817 deinceps
1631 3733 1801 3815 imperium

164 3823 329 3908 tenebant,
352 3822 461 3887 lusirrs
486 3831 681 3903 persecutus
704 3842 785 3891 esse
809 3821 942 3888 uidetur
960 3841 999 3889 eo
1019 3822 1169 3906 consilio,
1185 3826 1218 3886 ut
1231 3837 1371 3885 caussas
1386 3821 1577 3906 explicaret,
1602 3817 1688 3884 unde
1705 3819 1800 3901 quasi

45 3966 49 3983 ,
165 3914 263 3971 enata
290 3917 407 3976 essent
439 3909 525 3975 bella
554 3908 706 3976 Persica.
752 3912 803 3975 lta
831 3929 947 3976 omnes
977 3910 1040 3974 sibi
1065 3907 1403 3994 praemunivitvias,
1427 3914 1462 3975 ot
1483 3915 1571 3973 totus
1601 3910 1801 3970 versaretur

166 3990 199 4054 in
223 3997 420 4062 enarrandis
443 3999 545 4064 rebus
568 3998 698 4085 gestis,
727 4000 844 4082 quibus
875 3996 997 4064 Graeci
1023 3996 1163 4082 patriam
1187 3997 1228 4060 in
1242 3996 1426 4063 libertatem
1450 4014 1471 4060 a
1493 3995 1673 4059 Persarum
1696 3991 1803 4056 domi-

167 4085 245 4143 natu
267 4081 485 4173 vindicarunt
532 4082 675 4164 Quorum
698 4086 869 4153 librorum,
883 4105 987 4171 pauca
1016 4085 1111 4151 nobis
1143 4089 1324 4169 supersunt
1351 4082 1548 4173 fragmenta.
1593 4079 1714 4145 Verum
1738 4079 1803 4143 iam

164 4164 251 4232 inter
283 4174 397 4243 omnes
434 4178 579 4241 constat
598 4169 796 4244 Diodorum
816 4172 961 4240 Siculum
994 4172 1090 4258 quum
1127 4171 1238 4253 ubivis
1271 4177 1336 4237 tum
1371 4169 1523 4245 maxime,
1538 4166 1572 4234 in
1601 4161 1802 4236 enarrandis

163 4287 490 4319 ——m-zQ-n..
900 4298 906 4319 .·
1044 4308 1047 4315 ,
1800 4294 1804 4301 ’

261 4372 263 4379 1
285 4372 289 4379 ·
325 4336 361 4401 ⁹⁰)
378 4343 447 4393 Plutr
467 4348 499 4395 de
518 4348 599 4400 ltoic.
617 4362 728 4412 repugna.
747 4365 770 4398 o.
788 4343 965 4416 limenque
982 4355 1025 4400 nol
1041 4343 1206 4411 Ξενοκράτην
1222 4350 1266 4395 aul
1283 4339 1441 4410 Μενέδημον
1457 4337 1609 4406 ἐπαινοῦσι,
1638 4358 1804 4406 παραιτησα-

164 4414 257 4474 fimbris
273 4410 322 4464 τὸν
339 4404 469 4473 ’Alsga'vd
486 4434 524 4468 ov.
544 4446 576 4457 -
613 4414 651 4471 0¹)
675 4417 712 4466 Gi
732 4415 841 4466 Pndttns
864 4419 882 4468 l.
906 4420 926 4471 1.
953 4444 984 4456 -
1021 4417 1077 4468 cic.
1097 4417 1130 4464 dc
1157 4420 1224 4465 orat,
1246 4415 1291 4463 lib.
1310 4412 1361 4464 111.
1380 4426 1405 4465 c.
1423 4407 1449 4463 1),
1476 4413 1579 4474 Quinti.
1604 4414 1642 4464 X.
1663 4407 1688 4461 1.
1708 4409 1750 4462 ll·
1770 4436 1803 4448 -

167 4476 202 4538 ⁹¹)
221 4482 299 4532 Diod.
324 4481 381 4531 sro.
405 4482 454 4532 lv.
468 4436 496 4532 1.
518 4487 598 4538 xvi.
618 4480 660 4536 76.
678 4514 713 4527 -
740 4483 778 4546 ⁹³)
795 4487 873 4538 nied.
892 4488 946 4540 Sin.
963 4482 1044 4543 v.1.
1061 4510 1096 4529 -.-
1114 4487 1207 4534 Strabo
1229 4486 1274 4534 lib.
1298 4482 1359 4537 Vll.
1377 4484 1449 4530 Toni.
1472 4481 1508 4532 11.
1525 4496 1553 4543 p.
1577 4475 1637 4534 368.
1657 4481 1751 4528 dasch.
1771 4506 1804 4517 -

167 4542 206 4607 ⁹⁴)
227 4552 306 4603 Diod.
330 4553 382 4607 Sic.
400 4552 474 4605 xvi.
498 4549 543 4605 lc
560 4556 643 4607 XXl.
669 4554 696 4611 5.
720 4571 779 4608 exc.
796 4557 832 4607 cl.
849 4558 955 4607 Klinton
972 4557 1034 4609 last.
1051 4555 1119 4604 uolt.
1137 4554 1178 4604 cd.
1200 4554 1330 4618 Krueger.
1354 4567 1380 4614 p.
1405 4546 1456 4600 135
1479 4555 1505 4601 at
1530 4546 1589 4602 lul.
1608 4576 1641 4587 -
1662 4545 1699 4607 ⁹⁸)
1724 4548 1804 4600 Diod.

164 4614 219 4670 sic.
243 4620 324 4674 XXI.
341 4621 369 4675 5.
388 4622 423 4674 cf.
441 4623 549 4673 Klinton
565 4627 622 4689 l.',l.
640 4640 667 4687 p.
687 4624 749 4684 llll.
1109 4628 1112 4632 ’
1453 4654 1456 4659 ’
