3982 5144
1006 315 1051 377 at

216 525 310 591 ulau.
353 525 437 588 Nam
459 522 631 605 utriusque
653 520 716 585 loci
740 526 838 605 caput
866 520 899 585 in
925 525 1104 605 temporum
1134 520 1362 606 descriptione
1388 527 1546 587 venatur
1576 539 1644 585 nou
1669 521 1716 586 ita
1744 539 1855 588 ramo-

216 613 345 679 tissima
367 611 409 676 ab
432 629 471 674 ar
519 614 638 693 mento,
661 606 747 692 quod
771 608 975 673 tractandum
998 607 1062 673 sibi
1086 609 1238 694 elegerat
1260 607 1409 674 Phanias
1430 609 1473 681 in
1487 608 1571 672 lihro
1594 605 1637 674 de
1659 608 1855 692 prytanihos

217 696 466 765 Erosiorum¹²¹
490 742 499 760 .
530 694 601 761 Sed
625 697 725 781 longe
749 694 816 759 alia
839 701 892 761 cst
914 695 998 767 ratio
1022 713 1134 761 earum
1160 714 1279 780 rernm,
1304 713 1389 780 quae
1420 713 1440 760 e
1470 695 1597 760 Phania
1622 696 1745 779 petitae
1765 693 1855 780 apud

218 783 426 851 Plutarchum
449 785 604 872 leguntur
626 782 659 847 iu
682 783 753 846 vita
776 781 1017 848 Themistoclis.
1063 781 1182 866 Capite
1209 784 1295 848 enim
1329 783 1449 868 primo,
1482 783 1537 847 ubi
1565 781 1608 848 de
1636 788 1741 848 matre
1762 781 1856 848 Tho·

218 873 375 937 mistoolis
405 889 514 937 serrno
542 875 612 954 est,
647 868 794 934 Phaniae
828 870 995 935 sententia
1029 870 1071 934 ab
1108 870 1243 933 aliorum
1273 870 1469 953 scriptorum
1498 871 1690 934 narratione
1717 868 1856 935 diversa

218 964 331 1025 exstat
353 957 453 1023 haec:
476 975 541 1021 non
564 955 738 1021 Thraciam
762 956 851 1040 eius,
883 956 945 1022 sed
976 954 1107 1021 Cariam
1132 956 1239 1021 luisse
1262 957 1412 1041 patriam.
1463 954 1582 1041 Capite
1610 956 1767 1042 septimo,
1799 956 1854 1021 uhi

219 1045 263 1111 de
288 1047 387 1111 rebus
411 1045 453 1110 ad
477 1043 689 1109 Artemisium
713 1044 823 1130 gestis
847 1043 918 1132 agit
941 1042 1157 1121 Plutarchus,
1189 1041 1338 1109 Phaniae
1363 1043 1478 1107 verbis
1504 1062 1585 1108 usus
1609 1042 1716 1107 dolam
1739 1060 1857 1127 quem·

219 1131 292 1196 daar
316 1133 493 1199 memoriae
518 1129 635 1216 prodit,
660 1149 722 1214 quo
746 1129 987 1196 Themistocles
1012 1129 1225 1215 Architelem,
1248 1128 1450 1213 praefectum
1476 1148 1596 1196 sacrae
1619 1130 1755 1216 triremi,
1771 1147 1853 1195 con·

219 1219 304 1284 siliis
328 1220 400 1284 suis
424 1224 664 1305 repugnantem
688 1219 720 1280 in
744 1235 837 1282 snam
861 1215 1038 1283 adduxerit
1060 1217 1268 1283 sententiam.

378 1303 496 1388 Capite
519 1305 615 1370 tertio
640 1304 766 1370 decimo
791 1303 1040 1370 haecPhaniae
1063 1310 1175 1369 exstat
1197 1304 1360 1368 narratio:
1383 1312 1461 1369 ante
1486 1324 1628 1393 pugnam
1643 1302 1859 1370 Salaminiam

218 1392 471 1459 Themistoclem
496 1409 595 1455 sacra
618 1391 817 1457 commodam
841 1390 1033 1475 facientem,
1064 1409 1159 1474 quum
1189 1398 1261 1455 tres
1291 1393 1376 1474 capti
1405 1392 1536 1458 Persae
1565 1398 1683 1458 essent
1712 1391 1859 1477 adducti,

217 1478 446 1563 Euphrantide
469 1478 646 1561 haruspice
666 1478 829 1545 suadente
853 1497 873 1543 a
897 1477 1038 1544 Graecia
1061 1483 1208 1541 coactum
1229 1497 1326 1563 esse,
1351 1486 1385 1542 ut
1402 1479 1583 1543 immolaret
1606 1480 1691 1543 istos
1714 1478 1859 1544 iuvenes

217 1566 350 1632 Baccho
375 1559 526 1650 ω’μκηστῇ.
915 1613 919 1621 .
1681 1602 1685 1607 =

379 1651 496 1738 Capite
520 1653 659 1735 septimo
692 1659 726 1718 et
753 1652 915 1718 vicesimo
944 1651 1136 1735 colloquium
1165 1649 1243 1715 illud
1274 1653 1450 1717 memoriae
1481 1651 1640 1736 proditum
1670 1657 1740 1737 est,
1769 1651 1860 1736 quod

219 1740 347 1805 Phania
369 1747 505 1805 auctore
529 1738 771 1806 Themistocles
795 1740 828 1804 in
860 1739 977 1803 Asiam
1004 1743 1219 1805 transvertas
1250 1756 1320 1802 oum
1352 1740 1524 1805 Artabano
1555 1741 1648 1826 regis
1678 1738 1859 1804 chiliarcho

219 1827 378 1893 hahuisse
413 1825 539 1890 dicitur.
599 1823 716 1911 Capite
754 1825 896 1908 denique
933 1824 1187 1891 undetricesimo
1217 1825 1364 1890 Phanias
1393 1833 1427 1892 et
1460 1825 1634 1892 Neanthes
1666 1825 1868 1910 Cyzicenus

219 1921 373 1979 auctores
397 1915 538 1978 citantur
561 1913 657 1979 huius
671 1913 884 1979 sententiae:
909 1912 1121 1978 Themistocli
1146 1931 1261 1999 regem
1287 1920 1419 1995 praeter
1443 1921 1515 1978 tres
1537 1914 1612 1978 illus
1634 1915 1748 1987 arbes,
1770 1931 1861 1997 quae

219 2001 322 2089 vulgo
347 2001 568 2085 nominantur,
599 2000 683 2064 duas
712 2000 796 2064 alias
814 2000 991 2065 -Percoten
1022 2004 1056 2065 et
1083 1999 1352 2085 Palaescepsim,
1382 1999 1425 2065 ad
1454 2007 1582 2066 vestem
1611 2001 1794 2084 stragulam
1826 2005 1862 2065 et
1938 2002 1943 2011 '

107 2126 110 2137 v
218 2089 367 2153 amictum
391 2087 617 2152 concessisse.
664 2083 750 2165 Quid
774 2085 860 2168 quod
882 2087 965 2168 ista,
995 2105 1079 2170 qrruc
1103 2106 1145 2152 ex
1170 2085 1297 2150 Phania
1320 2087 1612 2173 suutdesumpta,
1635 2089 1735 2152 totius
1765 2087 1861 2152 vitae

194 2174 482 2247 ,Themistoclcae
505 2173 692 2239 memoriam
715 2172 885 2257 complecti
909 2172 1063 2238 uidentur
1086 2178 1120 2239 et
1143 2165 1452 2256 comprehendere?
1498 2175 1579 2237 Tum
1603 2170 1747 2240 nonest
1768 2172 1859 2257 quod

219 2280 465 2328 commemorem
490 2279 547 2324 res
570 2277 642 2344 eas,
672 2277 798 2343 quasa
828 2258 955 2323 Phania
984 2260 1107 2344 petitas
1133 2260 1287 2344 apposito
1316 2264 1447 2325 nomine
1476 2266 1619 2326 testatur
1647 2259 1861 2342 Plutarchus,

220 2366 301 2415 esse
322 2346 493 2432 eiusmodi,
512 2349 548 2409 ut
564 2346 619 2410 vel
640 2346 772 2433 singula
789 2365 938 2430 quaeque
959 2353 1154 2431 persecutus
1179 2364 1259 2411 esse
1282 2346 1436 2412 videatur
1458 2347 1605 2411 Phanias
1628 2349 1660 2412 in
1684 2349 1767 2412 libro
1789 2347 1862 2433 illo,

220 2453 283 2518 qno
306 2455 387 2499 usus
418 2438 471 2498 est
501 2431 709 2497 Plutarchus.
758 2432 898 2498 Accedit
921 2432 1006 2517 qrrod
1029 2433 1177 2498 Phanias
1200 2450 1220 2497 a
1242 2432 1421 2501 Plutarcho
1450 2439 1591 2518 excepta
1620 2432 1757 2500 Solonis
1787 2435 1863 2500 vita

218 2538 378 2603 nusquam
401 2520 465 2584 nisi
489 2521 521 2584 iu
545 2521 615 2584 vita
638 2518 871 2604 Themistoclis
893 2520 1054 2586 laudatur.
1099 2518 1227 2600 Quibus
1251 2521 1349 2586 nixus
1372 2522 1579 2610 argumentis
1602 2520 1689 2586 haud
1712 2522 1816 2672 lonffie
1833 2540 1863 2588 ἰ

217 2627 301 2674 vcro
325 2608 485 2672 aberrare
513 2606 589 2681 mihi
619 2605 752 2691 videor,
785 2608 814 2670 si
839 2608 1182 2674 coniereroPhaniam
1207 2613 1341 2692 praeter
1363 2608 1437 2672 illos
1461 2609 1516 2692 qui
1538 2611 1732 2688 afferuntur,
1755 2609 1777 2673 li
1802 2626 1864 2672 ros

219 2694 449 2776 composuisse
472 2692 631 2776 scriptum
648 2697 755 2779 ,prepi
773 2690 899 2778 dloa,“
922 2697 988 2780 vel,
1013 2693 1098 2778 quod
1123 2695 1246 2779 malim,
1269 2693 1384 2759 librum
1408 2695 1608 2780 scripsisse,
1632 2714 1695 2779 quo
1718 2713 1865 2780 separa-

218 2781 273 2843 tim
298 2778 351 2845 de*
370 2778 602 2845 Themistoclis
632 2783 701 2845 vita
728 2779 874 2863 fatisque
905 2781 1120 2866 disseruerit,
1149 2785 1250 2863 atque
1279 2780 1342 2845 hoc
1370 2782 1453 2846 libro
1482 2782 1693 2847 Plutarchum
1721 2784 1754 2846 in
1790 2783 1865 2847 vita
1948 2791 1951 2795 ’

218 2864 451 2933 Themistoclis
475 2865 716 2933 conscribenda
739 2868 838 2932 multo
863 2868 1027 2953 pluribus,
1057 2886 1151 2951 quam
1181 2869 1255 2952 ipse
1284 2867 1501 2952 indicaverit,
1530 2868 1614 2933 loris
1644 2889 1738 2933 usum
1768 2887 1864 2935 esse.
1962 2932 1966 2939 .

218 2951 272 3017 Ad
299 2952 553 3018 confirmandam
577 2954 662 3039 hapc
685 2956 905 3020 coniecturam
929 2953 992 3018 hoc
1014 2972 1143 3039 quoque
1166 2954 1259 3020 iuvat
1281 2954 1454 3021 attulisse:
1482 2953 1559 3018 illud
1588 2954 1748 3022 historiae
1771 2955 1865 3040 sorig-

219 3037 349 3106 hendac
371 3058 499 3126 genus,
531 3038 618 3123 quod
650 3040 692 3104 ad
721 3040 858 3126 ingenia
888 3058 1063 3126 moresque
1093 3043 1236 3105 virorum
1265 3040 1438 3106 illustrium
1466 3041 1691 3108 adumbrauda
1718 3048 1864 3128 spectat,

216 3127 306 3191 inter
327 3125 522 3191 Aristotelis
552 3123 734 3209 discipulos
759 3126 1005 3192 usitatissimum
1029 3128 1136 3194 fuisse
1160 3146 1202 3194 ex
1226 3127 1501 3216 cointelligitur,
1532 3129 1619 3213 quod
1647 3129 1865 3214 spectatissi-

219 3232 291 3277 mus
314 3205 532 3299 quisquam]
556 3210 823 3296 philosophorum
847 3214 1134 3298 peripateticorum
1158 3222 1273 3280 auctor
1296 3214 1450 3281 librorum
1475 3217 1553 3299 περὶ
1576 3214 1662 3300 βίων
1686 3218 1817 3281 citatur:
1846 3270 1849 3275 .

588 3414 704 3505 Cap.
726 3422 808 3490 lx.
838 3422 913 3489 lle
936 3405 1129 3491 nlnone
1151 3422 1201 3492 et
1225 3416 1486 3493 Clitarcho.

376 3560 429 3627 De
453 3561 584 3628 Dinone
595 3560 661 3638 ¹²²]
685 3579 814 3645 quoque
838 3567 871 3626 et
894 3557 1138 3650 Clitarcho¹²⁸j
1168 3581 1253 3646 quiae
1283 3565 1360 3629 mihi
1388 3563 1543 3629 videntur
1572 3561 1712 3629 dicenda
1740 3561 1860 3628 cadem

219 3645 442 3732 disputatione
465 3649 580 3733 paucis
603 3650 681 3715 licet
703 3648 893 3713 absolvere.
939 3649 1013 3712 linit
1041 3651 1126 3716 euim
1159 3650 1246 3715 Dino
1276 3650 1451 3736 clitarchi,
1481 3648 1639 3714 celebrati
1670 3649 1859 3733 scriptoris,

197 3740 313 3819 pater
336 3740 421 3818 qrra'e
445 3735 550 3801 verba
573 3742 650 3801 suut
662 3734 758 3800 Plinii
782 3738 848 3798 nat.
870 3733 949 3800 hist.
971 3734 1015 3807 X.
1039 3742 1093 3824 49,
1116 3739 1170 3801 70.
1195 3743 1228 3801 et
1249 3758 1270 3803 a
1292 3736 1480 3803 Plutarcho
1494 3755 1623 3821 <poaque
1639 3736 1721 3826 [vit.
1740 3735 1858 3801 Them.

218 3839 247 3885 c.
271 3816 338 3908 at)
362 3820 448 3887 alter
470 3828 546 3907 post
568 3823 707 3889 alteram
731 3839 795 3887 una
819 3839 889 3887 cum
912 3821 986 3887 aliis
1009 3826 1119 3890 rerum
1144 3824 1362 3908 scriptoribus
1386 3824 1505 3890 citatur
1528 3824 1615 3889 illius
1635 3829 1750 3889 auctor
1773 3821 1858 3887 seu‘-

213 3907 349 3996 tentiae,
374 3928 417 3976 ex
440 3928 504 3995 qua
527 3907 779 3977 Themistoclem
803 3906 918 3975 Xerxe
942 3909 1104 3978 etiamtum
1127 3911 1208 3976 vivo
1229 3911 1263 3975 iu
1287 3910 1402 3977 Asiam
1426 3911 1619 3997 profugisse
1640 3908 1860 3995 perhibebant

213 4056 531 4075 ..,-...„.—

376 4131 426 4203 ¹¹¹¹)
445 4137 640 4197 Theophrastus
658 4137 752 4184 citatur
769 4140 859 4185 tuctor
875 4137 923 4185 lib.
939 4143 999 4203 περὶ
1017 4138 1083 4205 βίων
1100 4150 1142 4198 ap.
1161 4135 1234 4202 Diog
1263 4139 1351 4189 Laert.
1368 4139 1405 4188 V.
1422 4132 1468 4203 th,
1495 4133 1536 4184 Cl.
1560 4134 1674 4182 Vossius
1692 4137 1710 4186 1.
1728 4136 1747 4186 1.
1766 4149 1791 4199 p.
1810 4130 1856 4186 75.
1908 4152 1912 4161 ·

213 4204 387 4254 Aristoxenus
406 4205 560 4255 Tarentinas
572 4206 683 4266 :acrtpalt
699 4207 772 4272 ploos
788 4200 891 4271 ἀνδρῶν
908 4211 977 4254 tosta
995 4206 1132 4255 Plutarcho
1150 4210 1218 4266 (non
1236 4221 1317 4268 possa
1339 4207 1455 4255 ansultar
1477 4200 1693 4254 uiviaecundum
1712 4204 1855 4265 Tlplcnram

214 4268 316 4327 ο.10).
351 4272 394 4323 01.
411 4273 525 4323 Vosalua
542 4274 560 4322 l.
573 4275 627 4333 lp
658 4270 701 4325 77.
720 4298 755 4311 ·-
789 4275 931 4323 Heraclidis
949 4275 1051 4324 Pontici
1067 4276 1123 4322 libri
1142 4283 1201 4342 περὶ
1219 4279 1286 4343 βίων
1304 4276 1532 4323 commemorantur
1549 4285 1581 4332 ap
1612 4274 1689 4341 Diog.
1711 4270 1855 4335 intrav.

211 4339 257 4407 873
277 4340 319 4391 Cl.
338 4341 453 4391 Voaslrra
471 4343 489 4393 1.
510 4342 518 4390 l
546 4354 572 4403 p.
590 4341 634 4394 78.
653 4368 683 4380 -—
722 4343 875 4392 Dicaearchi
898 4344 1021 4393 Messenii
1045 4341 1088 4390 lib.
1109 4346 1206 4404 primus
1224 4352 1284 4411 napi
1301 4346 1368 4411 βίων
1385 4343 1490 4390 alicrtur
1508 4352 1522 4386 a
1540 4340 1623 4408 Diog.
1641 4343 1729 4392 [ηὸτι.
1752 4340 1800 4388 111.
1824 4335 1855 4392 4.

214 4409 257 4459 Ct.
275 4410 389 4459 Vossiaa
406 4412 424 4460 1.
444 4412 461 4458 l.
478 4424 505 4471 p.
523 4406 568 4462 81.
587 4438 620 4449 -
658 4411 800 4462 clearchus
819 4416 911 4462 auctor
928 4410 1038 4461 vitarum
1056 4415 1163 4476 saepius
1186 4416 1316 4475 protertur
1332 4414 1364 4459 ab
1383 4403 1533 4476 Athenaeo,
1551 4411 1587 4460 cl.
1611 4410 1724 4459 Vossius
1746 4409 1765 4458 l.
1782 4407 1802 4459 l.
1823 4416 1854 4466 p.

211 4472 257 4527 83.
297 4473 344 4541 ¹¹²)
363 4477 403 4525 Da
421 4479 503 4528 Diono
522 4482 556 4532 ci.
575 4481 687 4530 Voaaiua
705 4481 720 4530 l.
742 4481 760 4533 l.
778 4494 806 4540 p.
822 4473 859 4528 68
890 4506 914 4515 -
956 4482 1058 4530 llcercn
1073 4483 1105 4530 de
1123 4483 1238 4532 lontibus
1257 4487 1283 4530 et
1300 4480 1410 4528 auctorit
1437 4492 1462 4538 p.
1479 4472 1513 4527 95
1539 4473 1584 4530 96.
1604 4504 1636 4516 -
1670 4473 1855 4527 ΜιιεΙΙοΗᾱἸ.

213 4548 284 4595 Tum,
304 4546 332 4596 ll
359 4562 385 4609 p.
402 4543 570 4601 88·95.-
610 4546 654 4612 Ψ)
672 4550 712 4597 De
731 4548 860 4600 Clitarcho
880 4549 914 4597 cl.
933 4549 1075 4599 Vossius!
1101 4553 1165 4614 lp.
1191 4546 1228 4600 90
1258 4551 1291 4600 lt.
1317 4547 1396 4598 darer
1418 4549 1487 4597 Alex
1525 4548 1567 4598 Μ.
1598 4542 1887 4613 historiarumacrlp·

167 4640 175 4663 ι
211 4619 301 4676 ptores
319 4621 403 4666 actats
420 4620 647 4680 capparonum.
666 4613 743 4670 leta.
762 4631 789 4678 p.
808 4611 968 4671 lul-lto
987 4608 1721 4678 proauorum.aanor.dr.i.hunp.ttt-³7tt.
1819 4622 1822 4627 ·
